3159 4917
183 394 322 463 teau]
544 390 749 441 ιιιιιιιιιιυιι
773 390 847 443 eru.
870 394 921 446 rr.
1001 382 1007 393 ’
1221 382 1288 451 ffll

183 541 287 605 multo
301 543 486 622 gratantum
501 552 677 616 concursu,
700 538 744 601 ud
760 538 926 623 rapiendo
950 540 1082 624 imperii
1109 540 1291 624 primordio

186 639 227 707 C.
242 640 360 706 Coesur
371 638 614 723 egrediebatur:
638 658 713 704 curu
736 648 870 724 repente
890 642 1033 719 affertur,
1049 643 1173 707 ‘redire
1186 642 1287 707 Tibe-

184 745 234 809 rio
252 762 372 807 vocem
396 762 438 807 uo
458 742 562 819 uisus,
586 745 781 827 vocarique,
805 746 865 826 qui
891 744 1079 809 recreando)
1108 742 1287 812 defectioni

115 900 123 913 .
184 846 298 912 cibum
312 842 485 911 afferrent?
529 845 643 911 Pavor
665 847 742 910 binc
767 846 800 910 iu
822 864 954 911 omnes:
978 852 1012 913 et
1034 846 1134 910 ceteri
1160 848 1288 929 possim

183 947 342 1031 dispergi,
366 967 403 1011 se
422 948 566 1031 quisque
589 954 745 1015 moestum
760 954 819 1013 eut
832 950 982 1013 nescium
1002 946 1137 1031 tingere:
1161 947 1290 1027 Gaesas,

185 1049 220 1113 in
234 1048 397 1113 silentium
410 1046 513 1126 fixus,
526 1068 547 1111 a
561 1068 690 1114 summa
703 1068 765 1135 spe
774 1050 960 1115 novissime
972 1050 1189 1133 expectabat:
1213 1048 1290 1115 Mu·

185 1168 243 1213 oro
257 1148 456 1232 intrepidus,
472 1150 637 1239 ‘opprimi
651 1168 763 1214 senem
776 1152 899 1236 injectu
916 1151 1029 1216 multae
1044 1150 1171 1229 uestis}
1180 1151 1289 1235 jubet,

185 1250 407 1333 ‘discedique
434 1246 478 1314 tib
503 1249 655 1316 limine.'⁸
697 1251 756 1317 Sic
777 1251 932 1318 Tiberius
958 1252 1091 1331 iinivit)¹
1113 1258 1234 1319 octavo
1258 1259 1292 1317 et

183 1352 431 1435 septuagesimo
450 1353 560 1417 aetntis
579 1350 694 1419 tenuo.¹

181 1484 186 1491 ·
228 1454 282 1518 bl.
305 1453 407 1518 Pater
430 1455 461 1517 ei
490 1453 595 1535 Nero,
622 1460 656 1518 et
677 1456 843 1539 utrimque
872 1458 964 1540 origo
994 1458 1097 1540 gentis
1125 1456 1289 1537 Claudiae,

182 1572 374 1638 qunuqunm
392 1561 496 1619 meter
510 1556 544 1619 in
559 1553 706 1619 Livinmt'
719 1562 753 1620 et
767 1576 849 1621 mox
864 1556 887 1621 J
889 1559 992 1623 uliam
1006 1558 1167 1624 familiam
1183 1558 1290 1642 adop-

185 1687 269 1747 tero,-
284 1696 308 1740 et
317 1691 418 1752 pirrim
434 1692 608 1753 gratulantium
618 1692 717 1756 effluxis,
729 1694 758 1743 C.
772 1693 854 1742 ΟΜ·
865 1692 945 1742 retunt
956 1694 987 1741 nd
998 1692 1101 1755 auspiciu
1119 1691 1215 1755 imperii
1229 1690 1289 1740 dett-

184 1752 277 1812 bader
291 1769 345 1803 esur
355 1755 432 1805 subito
449 1755 585 1817 saciatur,
607 1771 723 1806 remeare
733 1757 841 1807 Tiberio
852 1772 950 1819 vocem,
960 1764 988 1807 et
999 1756 1136 1817 intuitum
1154 1754 1292 1819 oppetieri-

186 1831 245 1881 que,
256 1819 301 1882 qni
312 1819 462 1879 elimentum
473 1820 659 1883 ministrarent,
669 1820 838 1870 iustunrsndo
850 1820 971 1886 deliquio.
992 1820 1058 1869 Hire
1070 1824 1144 1869 metue
1152 1820 1179 1867 in
1190 1824 1294 1883 uector,

185 1886 210 1929 et
220 1884 292 1931 ceteri
299 1884 492 1947 pnrsimsegsre,
500 1899 526 1933 oe
535 1885 630 1949 quinque
640 1884 734 1933 tristent
745 1891 787 1933 nrt
804 1886 914 1947 ὶςιιαιιιιιι
929 1886 1051 1933 rimtdnrr:
1071 1886 1099 1934 C.
1111 1886 1191 1931 Censor
1198 1882 1293 1933 silentio

183 1947 308 2007 mortu,
319 1946 544 2011 nrmsnrtigio
563 1950 665 1999 exim
681 1949 791 1998 ultim
806 1948 937 2007 irretiebat,¹
952 1954 978 1998 rt
991 1948 1075 1997 Moero
1088 1946 1212 1997 istnritru
1229 1962 1291 2010 ρισ-

184 2010 253 2073 cipit,
261 2010 382 2061 suiioesri
393 2026 491 2074 renem,
502 2014 694 2075 pturiurereste
704 2014 817 2089 ingestu,
832 2014 949 2078 exirique
961 2028 977 2062 n
988 2011 1095 2063 toribus.
1129 2012 1171 2061 itu
1184 2010 1293 2061 Tiberius

184 2074 304 2124 extima
314 2082 358 2140 est,
367 2082 447 2127 octeno
457 2080 482 2126 et
491 2076 662 2141 uptugesisso
673 2082 755 2126 otntrs
763 2092 835 2127 nero.

218 2138 312 2189 Nerone
319 2146 389 2204 putre
397 2141 495 2203 gaurs
504 2149 571 2202 erut,
584 2146 608 2190 rt
619 2140 649 2189 nd
659 2146 757 2205 utroque
772 2146 874 2205 parente
888 2156 919 2189 er
932 2139 1032 2200 seruitio
1044 2140 1196 2189 Claudiorum
1209 2144 1291 2202 orror,

186 2204 282 2253 temetsi
293 2210 369 2255 muter
378 2204 428 2265 (iss
439 2204 511 2255 Liris
522 2206 636 2268 adoptato
647 2205 681 2253 rit
691 2205 717 2255 ie
725 2211 821 2267 grutem
832 2204 934 2271 Liuium,
950 2210 973 2255 et
987 2204 1181 2269 portendebant.
1214 2204 1293 2253 Eure·

687 2298 795 2349 ΝΟΜ

219 2394 534 2460 ῐῦἰκειίέφιιώὶίιιιέιιι]
551 2394 636 2456 iussit
652 2392 722 2443 seili-
794 2392 901 2457 Finirit]
917 2392 993 2443 Auno
1005 2398 1029 2443 1.
1056 2394 1293 2458 Olympiadiswt.

187 2479 241 2537 eet,
252 2476 336 2539 utqui
348 2476 374 2523 in
387 2475 520 2539 pretorio,
532 2475 573 2524 vei
585 2487 667 2539 prope
676 2487 722 2523 eu·
760 2470 852 2519 Romu
864 2468 978 2519 condita
986 2473 1046 2520 790.
1064 2470 1160 2519 Christi
1173 2473 1213 2520 tr.
1224 2470 1292 2521 Vide

187 2550 310 2610 bienlurn,
321 2548 400 2599 officii
416 2550 510 2615 gratis,
519 2550 619 2611 liberti,
629 2548 721 2598 irruiti-
759 2551 836 2595 notus
847 2556 870 2595 e.
882 2547 923 2595 ot.
935 2558 1020 2608 supro.
1052 2544 1174 2594 iidem

187 2641 308 2692 tresque,
324 2627 368 2691 qni
385 2641 437 2677 non
452 2626 559 2689 consoli,
573 2639 621 2676 nec
631 2625 677 2675 ddi
689 2626 720 2676 c.
794 2617 801 2651 ¹
813 2621 904 2669 Octauo
920 2624 943 2668 tt
954 2619 1123 2683 mungerimo
1133 2619 1214 2669 oetntit
1223 2623 1297 2687 ωιιιιι]

188 2704 287 2753 Cressri
308 2711 393 2765 erent,
415 2718 528 2767 propere
549 2702 720 2765 incesserent,
759 2696 821 2760 Vel,
836 2704 866 2747 ut
878 2697 979 2760 Victor,
996 2703 1056 2760 post
1074 2698 1294 2761 septuagesimum

188 2785 310 2843 torquem
326 2777 446 2842 principe
457 2778 512 2842 jsnr
524 2784 635 2828 mortno.
667 2778 721 2828 sed
759 2780 881 2823 oeturnrn
891 2786 995 2837 nnnuur,
1003 2780 1031 2823 et
1042 2787 1155 2823 mensem
1165 2780 1294 2839 quartum.

185 2868 219 2903 es
228 2862 325 2915 ruente,
344 2861 373 2904 ut
394 2854 452 2918 ipse
462 2868 494 2903 se
505 2854 595 2904 enter
604 2855 721 2903 senones
760 2850 816 2900 Dio
825 2855 912 2900 tumen
922 2862 990 2899 euno
999 2847 1177 2899 totodlverrns
1186 2848 1219 2897 nb
1228 2848 1295 2913 istis,

186 2938 297 2981 morteru
307 2932 364 2979 seui
375 2931 564 2980 accelerarent.
591 2929 705 2980 metm.
762 2926 807 2989 qui
818 2924 853 2973 uit
863 2924 965 2987 uixisse,
975 2926 983 2952 ‘
992 2930 1093 2989 septem
1104 2930 1132 2974 et
1146 2924 1294 2989 septnsgirr·

220 3004 232 3039 ¹¹
248 3006 412 3056 finitimus
419 3004 518 3070 finiuit]
542 3006 649 3055 Sueten.
659 3005 720 3055 'liin
762 3007 792 3051 tn
809 3014 898 3064 nunus,
914 3006 941 3050 et
958 2996 1057 3051 menies
1069 3006 1180 3066 quatuor
1195 3005 1224 3050 et
1239 2999 1295 3051 dies

186 3086 229 3133 tt.
262 3082 348 3132 ‘Sunt
361 3083 406 3148 qui
423 3087 519 3147 putent
529 3094 657 3131 veueuunr
668 3081 693 3131 ei
704 3095 721 3130 e
761 3076 872 3127 uorem)

185 3158 253 3209 Ceio
264 3157 353 3208 dutum
369 3160 468 3208 tentum
487 3163 566 3222 ntqne
578 3155 719 3206 tabificum.
796 3153 831 3203 Et
848 3152 935 3202 inercie
951 3152 1046 3214 terius,
1061 3152 1082 3201 si
1098 3150 1223 3201 Suetonio
1239 3166 1295 3203 cre-

188 3232 242 3283 Alii
258 3233 285 3283 in
297 3234 447 3285 remissione
463 3232 581 3284 fortuitus
592 3230 675 3282 febris
686 3231 723 3281 oi·
763 3227 878 3277 deuduru
894 3234 923 3277 et
940 3228 1020 3278 eutis:
1037 3228 1081 3292 qui
1096 3234 1185 3278 ustum
1195 3228 1296 3279 'liberi-

186 3308 250 3358 bnrn
267 3310 425 3361 desideranti
446 3316 584 3374 uegetum:
607 3308 723 3359 nonnulii
754 3319 807 3353 nur
819 3312 928 3369 ponunt,
944 3318 1012 3353 nuno
1029 3304 1099 3353 urbis
1118 3308 1176 3355 m.
1204 3305 1297 3355 btuur-

189 3382 322 3447 puiriuuru
338 3386 463 3448 injectum
474 3385 503 3450 (e
517 3384 595 3450 cuin)
605 3399 663 3435 euru
680 3399 724 3435 ex·
763 3382 812 3443 tio,
823 3388 851 3430 et
860 3380 959 3445 Lepido
967 3380 1038 3431 Coss.
1048 3392 1106 3431 nur.
1116 3380 1299 3433 KebDeeerrt·

190 3466 303 3509 trsetnm
323 3461 374 3511 sibi
387 3462 519 3511 definienti
531 3465 653 3513 muuiuur
662 3478 723 3513 mox
763 3458 832 3509 brer.

190 3533 349 3597 resipiscens
359 3536 518 3600 requisisset.
551 3538 654 3587 Benecs
663 3554 723 3589 enm
797 3536 918 3587 Mortuus
929 3540 1015 3586 sutem
1027 3541 1069 3585 est
1079 3548 1203 3585 consensu
1215 3534 1297 3585 omni·

189 3611 289 3674 scribit,
311 3613 443 3662 intellectu
460 3612 618 3679 detectione,
635 3630 723 3667 ereru-
762 3626 806 3662 ιιιιι
834 3626 902 3662 snno
923 3616 981 3662 700.
1005 3624 1077 3662 xvrr.
1106 3610 1167 3661 list.
1188 3609 1297 3675 Aprilis.

190 3694 246 3737 turn
266 3689 399 3750 mnrium,
420 3691 492 3754 quest
511 3692 589 3743 nitent
612 3691 723 3743 trsdttn-
763 3689 917 3753 Quenquum
940 3694 969 3737 et
991 3686 1085 3736 Dionis
1104 3687 1219 3737 rationes
1245 3698 1297 3736 nou

188 3776 256 3825 runt,
276 3778 415 3827 perumper
432 3766 560 3827 teuuisss;
585 3766 648 3816 dein
668 3782 723 3817 rur·
763 3764 893 3826 pisneio
915 3778 973 3814 ιιιιιι
995 3764 1124 3813 edentum
1143 3760 1296 3829 periereris.

189 3852 232 3889 rus
249 3847 354 3904 sptesse
370 3839 464 3904 digito,
481 3849 510 3891 et
524 3856 673 3906 compresse
689 3842 723 3893 si·
762 3838 869 3900 Hirtius.

187 3916 271 3967 nistre
279 3917 724 3981 mnnu,jnnuisendinimurobiiem;
797 3912 806 3957 ¹
823 3916 905 3964 Meter
917 3916 944 3963 irr
954 3913 1063 3977 Liuium]
1088 3913 1233 3977 Disnrepst
1248 3912 1297 3964 boe

189 3995 278 4043 subito
295 3993 394 4043 vocetis
412 3992 548 4055 rntnirtris,
570 4007 601 4044 un
622 3995 725 4044 unnrine
764 3989 834 4038 inter
846 3996 977 4039 suctores:
994 3988 1155 4053 nequeenim
1166 3988 1299 4040 meterii-

189 4066 375 4132 respondente,
389 4070 592 4133 eonrurrexisre,
606 4082 656 4118 nen
667 4084 726 4133 pro·
766 4065 832 4116 berit
844 4066 970 4129 edoptnte
979 4063 1037 4127 fuit,
1047 4064 1094 4113 sed
1106 4078 1169 4115 urus
1179 4065 1236 4131 ejus
1244 4080 1299 4116 ure·

189 4143 232 4191 rot
253 4155 270 4192 n
292 4142 390 4193 lentnio
420 4142 605 4194 definientibus
624 4144 723 4194 viribnr
765 4149 868 4204 ternus,
878 4148 984 4191 anctore
994 4140 1146 4204 Tranquillo
1156 4140 1183 4190 in
1193 4140 1254 4191 Tib.
1273 4142 1297 4190 t.

190 4218 350 4271 coneum:
447 4256 450 4261 .
764 4218 909 4269 ‘insertur
925 4224 967 4269 est
983 4224 1011 4270 et
1027 4216 1157 4271 Liriornrn
1180 4218 1298 4280 ieniiiae,
