3159 4917
339 410 407 479 ms
684 382 729 475 ve.
753 424 933 473 ooausau
956 424 1084 473 asciri
1274 427 1369 494 prm,
1384 436 1464 485 m,

343 573 512 637 tabeo'in
525 572 619 648 urbe,
633 570 715 633 inter
729 574 853 635 coetusP
867 574 902 633 et
927 584 1102 633 samsones
1117 564 1304 645 bominum,
1324 571 1466 635 obver-

341 676 444 750 sante,
459 678 587 737 secreta
600 670 704 754 patris
717 670 862 750 mitigari
873 668 892 733 :'
914 688 1021 752 neque
1045 669 1148 733 luxus
1162 669 1197 731 in
1214 669 1340 752 juvenc
1357 671 1464 737 adeo

306 818 310 826 ·
341 774 561 857 displicebat:
595 773 685 835 ‘buc
714 772 826 855 potius
853 770 1172 847 intendereti'dicm
1194 771 1428 851 editionibus,¹
1444 782 1462 811 ‘

342 922 418 987 Drusi
428 954 436 993 ,·
452 953 572 987 arcanam
581 936 671 1001 'patris
681 935 813 986 tristitiam
826 937 900 987 leniri
912 936 944 985 ab
956 936 1001 984 ilio
1011 940 1179 985 conversante
1191 937 1286 999 passim
1296 936 1463 1003 incivitate,

341 1002 367 1050 iu
380 1003 524 1065 colloquiis,
544 1009 573 1051 et
591 1016 636 1050 ore
657 1002 805 1051 bominum:
823 1018 896 1065 seque
908 1004 966 1050 odeo
976 1004 1074 1061 ingrato
1082 1006 1134 1049 ertu
1144 1002 1275 1050 luminis
1284 1004 1459 1053 molam.-

339 1066 389 1139 buc
412 1066 497 1131 potius
520 1066 633 1117 animum
650 1064 788 1131 conferret,
808 1066 876 1115 diem
898 1065 1056 1130 spectaculis
1079 1064 1243 1115 celebrandis
1269 1066 1458 1139 impenderet,

805 1193 951 1213 uulnus
955 1193 983 1212 ΙΙ

352 1327 358 1342 ⁸
374 1276 388 1322 1
407 1272 550 1321 Beroaldus
561 1278 590 1320 ct
603 1271 646 1321 alii
664 1277 767 1321 veteres
783 1267 988 1335 edificationibus.
1021 1271 1128 1332 Optime
1138 1271 1240 1335 Lipsius
1251 1273 1455 1323 etimatiores

342 1335 493 1385 editionibus.
528 1334 605 1384 Diem
616 1338 781 1399 spectaculis,
791 1342 895 1383 noctem
909 1332 1279 1387 corrviviistrabcbntDrusus.
1313 1338 1454 1388 Quantum

342 1400 485 1449 cruentatis
503 1399 580 1449 etiam
602 1401 758 1463 spectaculis
779 1399 908 1462 gauderet
929 1398 1112 1447 animadvertit
1131 1400 1236 1449 Tacims
1255 1415 1334 1464 suprs
1350 1401 1454 1451 numi.

343 1468 413 1513 raa.
448 1463 515 1512 Vide
535 1471 562 1512 et
583 1466 694 1513 Diouem
716 1477 781 1513 svn.
819 1464 902 1511 Porro
922 1463 989 1510 sicut
1007 1463 1157 1525 spectacula
1167 1464 1288 1527 editiom,
1306 1467 1343 1513 sic
1359 1466 1403 1529 qui
1415 1479 1453 1515 ea

343 1528 458 1578 edebant
468 1528 569 1577 editores
583 1528 788 1591 appellabantur.
823 1527 891 1575 Vide
902 1527 1045 1591 Vopiscum
1055 1528 1081 1575 iu
1093 1528 1186 1577 Carino
1199 1541 1261 1580 xxr.
1290 1530 1398 1585 Brotier.

840 1639 946 1689 NOTAE

343 1760 387 1805 aut
408 1753 602 1817 fidejussoribus
620 1755 778 1811 creduntur:
795 1756 874 1805 iidem
913 1759 937 1805 t.
961 1755 1065 1820 ‘Atque
1084 1754 1182 1804 utinam
1204 1752 1244 1802 bis
1264 1752 1351 1817 potius
1373 1750 1451 1816 nugis

341 1838 388 1879 aut
400 1830 522 1879 militibus
534 1832 737 1895 committuntur,
746 1847 803 1898 qua
814 1831 873 1879 ‘mi·
913 1836 970 1879 tota
986 1831 1030 1879 illa
1047 1829 1162 1879 dedisset
1180 1829 1312 1891 Tempora
1323 1828 1460 1890 seritius,

342 1904 425 1953 lituris
444 1904 567 1953 custodia’
579 1906 706 1967 Cornelio,
725 1916 767 1956 aut
782 1909 808 1956 in
820 1922 874 1957 car-
914 1904 999 1954 clares
1013 1906 1105 1971 quibus
1125 1905 1233 1955 abstulit
1246 1900 1305 1954 orbi
1316 1903 1448 1954 illustres-

342 1989 427 2027 cerem
439 1979 606 2042 recipiuntur,
623 1981 736 2045 Ulpiano
758 1991 873 2033 stratore.
914 1996 964 2045 que
976 1984 1070 2031 animas
1082 1982 1187 2046 inrpnue
1199 1988 1228 2030 et
1237 1981 1341 2031 vindice
1356 1980 1450 2030 nullo!

342 2055 398 2105 Hos
418 2056 462 2103 ‘in
472 2056 579 2117 publica
587 2057 688 2107 vincula
696 2058 800 2123 conjici’
822 2060 873 2109 Vc·
944 2062 955 2090 ¹
966 2059 1039 2107 Diem
1050 2058 1202 2121 editionibus]
1215 2057 1335 2107 Editiones
1343 2057 1447 2121 proprie

341 2131 444 2179 nuleius
454 2138 481 2178 et
494 2132 651 2193 Papinianus
663 2133 760 2181 dixere.
912 2137 1240 2199 spectacuiemuneraque.
1268 2133 1389 2195 Editores,
1400 2131 1447 2195 qui

374 2205 430 2253 lrax
442 2205 558 2256 iuliade
569 2206 656 2268 vi,‘iu
669 2208 873 2259 vinculiseusto·
912 2226 945 2259 ea
966 2211 1094 2274 praebent.
1135 2211 1212 2259 Diem
1237 2222 1299 2272 ergo
1326 2206 1449 2258 trahebat

343 2278 417 2329 dieve
430 2280 533 2342 publica
543 2282 615 2343 esse,'
632 2291 660 2331 ut
673 2298 719 2345 pro
729 2284 819 2333 eodem
832 2300 874 2334 ac·
912 2289 1015 2336 Drusus
1024 2286 1192 2347 editionibus,
1203 2285 1258 2334 sive
1274 2284 1446 2348 spectaculis:

341 2356 486 2417 cipimus:
519 2372 620 2419 eurem,
647 2360 751 2409 custodis
772 2361 873 2424 publiea,
912 2369 1027 2424 noctem,
1037 2361 1163 2412 conviviis
1175 2361 1317 2424 epulisque.

341 2434 440 2495 eiuculis
453 2434 554 2497 publicis
571 2438 678 2485 attineri.
710 2437 782 2486 Alias
793 2439 872 2487 cincu·
946 2438 1050 2489 Notaut
1065 2443 1204 2501 utrumque
1222 2434 1249 2483 id
1267 2433 1357 2485 vitium
1376 2433 1401 2504 iu
1413 2448 1446 2483 eo

341 2512 415 2558 lorum
433 2511 582 2574 appellatio,
599 2512 641 2560 vel
654 2512 756 2576 publica
768 2514 811 2567 vei
818 2514 874 2582 pri·
914 2516 1065 2577 scriptores.
1099 2514 1196 2563 Noster
1208 2526 1286 2575 suprs
1296 2529 1302 2563 :
1314 2514 1321 2539 ‘
1332 2510 1446 2562 Edendis

341 2593 402 2635 vata
420 2587 513 2636 cinaeda
529 2586 671 2650 siguificat:
688 2588 801 2643 castulae
813 2609 873 2642 vero
913 2589 1101 2654 gladiatoribus
1114 2590 1213 2638 Drusus
1226 2588 1357 2654 praesedit,
1368 2602 1444 2653 quau·

340 2672 444 2722 nomen,
463 2667 563 2710 tautum
575 2661 718 2717 cuatct'iiam
734 2668 874 2731 publicam,
913 2680 991 2731 quam
1014 2667 1058 2715 viii
1082 2665 1207 2727 sanguiue
1224 2665 1299 2713 nimis
1314 2664 1444 2728 gaudeam

340 2742 447 2786 auctore
468 2736 606 2792 saturnius
626 2744 662 2793 D.
683 2744 717 2793 de
737 2744 874 2793 verborum
913 2742 983 2805 quod
1006 2742 1098 2803 vulgus
1121 2739 1311 2789 formidolosum
1325 2748 1354 2789 et
1370 2750 1445 2803 puter

340 2810 536 2882 significatione.
558 2820 701 2867 l'ertrunius.
915 2817 1028 2879 arguisse
1040 2815 1194 2866 dicebatur.'

351 2902 387 2965 pl’
404 2895 472 2943 Inter
482 2894 565 2957 eteius]
578 2894 629 2945 liic
638 2894 663 2943 in
671 2894 733 2943 turbe
742 2894 838 2959 degens
847 2902 875 2947 et
947 2893 998 2942 Ubi
1019 2893 1093 2943 vides
1113 2891 1226 2943 describi
1248 2890 1363 2945 studium
1381 2891 1444 2959 ejus,

341 2974 369 3027 iu
389 2972 498 3022 coetibus
517 2971 647 3021 lroiuiuuni
659 2984 788 3020 sermones
803 2971 874 3021 andi·
913 2984 964 3019 nou
976 2971 1003 3019 in
1015 2971 1169 3035 gladiatores
1186 2971 1272 3033 modo,
1291 2971 1337 3037 sed
1355 2979 1383 3021 et
1396 2970 1445 3021 bis·

339 3062 386 3099 eus
405 3049 518 3097 attendit
540 3054 570 3097 et
589 3048 734 3111 cognoscit,
760 3047 823 3111 quid
847 3048 873 3097 iu
915 3047 1021 3113 triones,
1039 3048 1216 3113 scenicosque.
1239 3047 1307 3097 Dio:
1334 3048 1444 3097 ‘Panto-

340 3140 443 3191 qnoque
453 3126 557 3188 negotio
569 3124 673 3173 decerni
681 3123 828 3173 conducat:
846 3130 874 3173 et
914 3122 996 3172 minuis
1008 3124 1074 3173 adeo
1086 3124 1189 3174 deditus
1200 3124 1260 3186 fuit,
1278 3129 1307 3173 nt
1316 3124 1350 3174 ad
1358 3124 1443 3174 sediti-

340 3208 443 3265 patrem
455 3215 527 3249 suum
540 3200 565 3247 iu
576 3212 681 3247 secessu
699 3207 828 3261 agentem,
846 3206 874 3247 et
913 3215 976 3249 oues
998 3202 1143 3251 concitaret
1164 3217 1217 3264 eos,
1233 3216 1318 3264 neque
1338 3200 1442 3264 legibus,

340 3279 398 3343 ipsa
419 3276 557 3326 solitudine
576 3274 608 3323 ad
630 3274 745 3323 tristiora
757 3289 874 3339 pronum,
913 3291 976 3339 quas
997 3277 1115 3327 Tiberius
1132 3292 1211 3342 super
1231 3278 1262 3327 iis
1279 3278 1384 3340 tulerat,
1399 3292 1443 3341 ps·

340 3355 454 3405 consiliis
473 3354 526 3402 suis
549 3352 575 3401 iu
587 3350 873 3401 lrurnenioremsenten·
905 3354 1100 3407 ,reresiueret’

342 3431 404 3480 tiam
416 3428 511 3479 flectit.
916 3477 919 3481 ,
946 3431 1061 3480 lterum:
1080 3431 1189 3480 ‘Druso
1209 3436 1296 3481 autem
1316 3431 1442 3494 tiliacum

374 3502 703 3569 uflucpottustuenueret]
731 3505 873 3565 Seneca,de
913 3507 1134 3571 petulantissimus
1155 3511 1183 3555 et
1202 3507 1390 3557 crudelissimus
1405 3520 1441 3557 es·

340 3582 428 3633 benet.
440 3595 501 3631 vrri.
513 3585 552 3629 20.
563 3581 570 3608 ‘
580 3582 607 3629 Si
619 3595 744 3630 marmora
752 3588 779 3631 et
787 3588 873 3631 vestes
913 3572 964 3646 set,
974 3583 1051 3647 (adeo
1065 3590 1094 3631 ut
1106 3581 1183 3646 gladii
1194 3583 1346 3645 acutissimi,
1358 3581 1442 3633 Drusi·

341 3656 509 3718 desiderurit,
519 3655 581 3705 nibil
593 3655 678 3704 oberit
696 3656 816 3721 cuiquam
835 3657 873 3718 id,
914 3658 956 3709 eui
968 3659 1001 3707 ab
1014 3673 1045 3707 eo
1058 3656 1196 3723 vocentur)
1213 3660 1379 3709 veliementer
1390 3673 1442 3708 suc-

341 3749 393 3801 quo
409 3734 509 3783 luxuria
526 3732 582 3795 ejus
597 3732 748 3781 instruitur:
766 3733 873 3785 militem
913 3734 1024 3799 censuit,
1038 3750 1149 3800 eumque
1167 3735 1270 3800 publice
1282 3752 1313 3787 ac
1326 3735 1440 3801 privatim

342 3818 370 3874 et
378 3824 450 3859 arnis
459 3822 510 3859 nou
522 3822 668 3871 suggeram,
687 3810 709 3858 si
723 3824 768 3872 pro
779 3824 873 3873 magno
913 3827 983 3875 sape
995 3811 1160 3876 objurgavit!

342 3891 416 3950 petet
425 3898 531 3935 munera
541 3882 654 3933 artifices
664 3899 760 3945 scenae,
771 3894 798 3935 et
806 3900 874 3935 scor-
947 3886 1065 3936 Crudelis
1084 3902 1145 3951 ergo
1157 3889 1267 3949 Drusus,
1279 3896 1308 3939 et
1319 3888 1378 3937 ideo
1389 3900 1440 3937 cru·

342 3971 370 4013 ta
389 3968 418 4011 et
435 3976 492 4025 quta
514 3958 645 4009 feritatem
660 3962 716 4025 ejus
731 3963 873 4024 emolliant,
913 3963 1223 4029 entisillis'spectacnlis
1234 3964 1368 4027 gaudens:
1385 3977 1439 4027 qne

341 4036 423 4087 libens
435 4034 550 4087 offeram.
585 4036 632 4086 Cui
641 4038 759 4087 triremes
770 4045 799 4087 et
810 4053 873 4087 aere·
912 4038 960 4086 sibi
974 4053 1025 4087 nou
1041 4038 1066 4085 in
1087 4038 1191 4101 publico
1202 4040 1293 4100 solum,
1305 4046 1335 4087 ut
1345 4037 1438 4101 opinor,

304 4176 312 4189 .
341 4122 383 4168 tas
391 4127 442 4163 uon
452 4114 591 4176 mitterem,
610 4115 717 4164 lusorias
729 4121 756 4163 et
768 4114 872 4187 enbipu-
912 4115 958 4176 aed
980 4128 1050 4177 sape
1071 4113 1140 4162 domi
1157 4113 1366 4177 representabat
1381 4113 1437 4164 etia

340 4191 415 4251 latas,
426 4197 452 4239 et
462 4190 512 4239 alis
531 4192 643 4241 indibria
657 4200 747 4255 regum
763 4191 790 4239 in
805 4191 873 4260 sueri
912 4191 1001 4241 bortis.
1033 4192 1077 4240 De
1088 4190 1216 4249 ebrietate
1228 4192 1293 4258 ejus,
1312 4190 1373 4245 ride
1383 4204 1439 4240 eun·

342 4265 526 4341 lascivientium
537 4267 656 4319 mittam'
672 4266 871 4319 Juvenalest.
910 4268 995 4319 demi.
1006 4279 1086 4319 seiri.
1102 4267 1207 4331 Lipsius.
