3159 4917
311 361 378 427 wi
658 377 691 423 c:
712 373 894 422 courtunrt
918 367 1047 423 tscrrr
1259 378 1307 446 [Α.
1318 382 1436 433 uras.

313 521 419 589 Simul
430 519 699 586 commonefacit:
732 523 742 552 ‘
758 520 839 603 quia
853 519 959 583 mulia
971 519 1278 584 runa·subnomiuo
1289 520 1427 585 celabri

311 617 924 707 vulgaoaotur,aaoatsaaaogoatum,¹
937 639 1038 703 quom
1045 621 1128 685 iutra
1137 620 1226 685 diem
1235 621 1279 686 ad
1287 622 1431 688 Ριιυιο-

311 744 380 792 rsm
393 725 557 789 urbanum
571 723 782 801 deferrentur,
812 741 920 805 nequo
944 722 1069 787 habore
1092 723 1247 806 privatim
1268 725 1387 791 liceret
1400 726 1430 792 ε’

312 827 401 911 qarod
415 845 438 891 a
446 827 626 911 majoribus
634 844 770 908 quoque
779 824 947 889 decretum
955 832 1035 903 orat,
1044 832 1123 908 post
1133 830 1288 889 exustum
1298 826 1429 893 sociali

311 1007 390 1059 uiuat
399 1008 529 1071 admonuit,
543 1008 605 1073 quia
621 1009 702 1057 multa
712 1006 800 1056 insuia
809 1005 857 1056 snb
872 1006 966 1057 illustri
977 1005 1257 1057 vocubuloedeltattiur
1273 1006 1300 1056 in
1311 1008 1426 1072 vulgus,

310 1072 428 1121 statulase
440 1072 597 1134 Angustum,
616 1071 767 1135 intraquod
786 1078 887 1134 tempus
906 1072 976 1135 apud
996 1076 1134 1135 praetorem
1154 1070 1279 1121 urbanum
1300 1071 1426 1135 depone-

308 1143 409 1198 rentur,
426 1150 511 1201 neque
522 1134 637 1186 retinere
647 1136 717 1185 domi
736 1134 775 1185 far
786 1142 871 1187 esset:
889 1137 950 1199 quod
959 1150 975 1185 c
984 1134 1102 1185 celeribus
1117 1136 1174 1186 alh
1190 1136 1262 1207 elima
1276 1136 1426 1187 muo-

812 1279 922 1332 NOTAE

312 1393 387 1443 Dorso
398 1408 421 1444 a.
432 1398 459 1443 ι.
476 1393 636 1459 capitolinus
652 1393 754 1445 ‘fuitln
763 1410 795 1445 co
805 1410 845 1445 sa·
881 1388 914 1445 'et
924 1410 1041 1447 connexa
1052 1394 1098 1445 ilis
1114 1393 1279 1443 bollandistis
1293 1398 1321 1442 et
1336 1392 1426 1459 ciuile,

312 1469 476 1535 ccrdotio,et
494 1478 577 1536 vates,
589 1474 771 1536 ctpraerui‚et
790 1488 843 1525 tua·
884 1476 914 1519 ut
935 1469 1012 1521 facile
1034 1486 1082 1535 pro
1105 1469 1199 1519 codem
1218 1470 1282 1518 sumi
1304 1469 1424 1532 possint.

314 1545 412 1609 pitter!
884 1546 929 1597 Ita
948 1548 1057 1599 mixtum
1084 1554 1222 1611 utrumque
1250 1544 1355 1606 ballum,
1385 1552 1425 1595 ut

344 1622 376 1671 ln
398 1624 515 1688 Collegio
536 1624 696 1687 pontificum,
724 1621 843 1688 pontifex
883 1624 1066 1674 unnutoxalio
1083 1623 1205 1683 oriretur,
1225 1628 1252 1671 et
1270 1621 1338 1670 idem
1359 1619 1426 1669 fer·

311 1701 438 1751 maximus
460 1716 509 1766 pro
534 1702 659 1763 magistro
681 1698 742 1760 snit,
765 1707 794 1749 ut
815 1705 843 1750 et
883 1697 973 1748 tuerit.
997 1699 1064 1749 Sunt
1076 1698 1196 1764 quaedam
1208 1696 1276 1746 bella
1286 1696 1323 1745 iia
1332 1696 1424 1746 mixtu

310 1776 381 1827 inter
391 1776 518 1840 Vestales,
536 1777 663 1841 virginum
674 1777 796 1838 maxima,
816 1776 843 1827 id
883 1790 916 1825 aa
928 1775 1027 1826 civibus
1039 1782 1068 1824 et
1078 1776 1203 1837 externis,
1222 1782 1251 1825 ut
1261 1787 1342 1837 oeque
1354 1772 1425 1825 ciri·

310 1858 362 1911 ert,
372 1853 557 1918 antiquissima,
578 1867 625 1917 pro
636 1852 761 1917 magistra
782 1851 844 1902 fuit.
883 1850 919 1899 lis
934 1866 1019 1916 neque
1038 1859 1149 1901 externa
1164 1848 1269 1914 proprie
1287 1846 1339 1897 dici
1357 1862 1424 1911 pc·-

343 1929 394 1979 Pcr
402 1930 540 1993 magistros]
557 1930 587 1978 ln
603 1930 714 1994 collegio
728 1929 843 1982 Quinde-
883 1928 944 1989 riut,
962 1928 1010 1979 sed
1025 1929 1105 1977 ιιιιιιι
1116 1942 1149 1979 ex
1160 1937 1279 1992 unoque,
1297 1933 1325 1977 et
1335 1926 1422 1977 etiem

310 2004 446 2055 cimrirum
454 2012 528 2055 amnt
541 2008 660 2069 mucules,
670 2011 745 2069 mter,
753 2005 844 2067 ωςιι-
883 2016 914 2053 sa
924 2004 962 2053 sio
972 2006 1089 2067 appellat
1099 2004 1215 2054 Tacitus.

310 2082 353 2130 tri.
385 2081 494 2131 Sueton.
507 2082 588 2145 calip.
610 2086 650 2132 ιιι.
670 2081 844 2145 ‘Magisteria
914 2080 1205 2144 Emaatarumiaiilclio]
1230 2080 1309 2130 Forte
1326 2078 1426 2144 lapsus¹

311 2156 448 2207 sacerdotii
460 2157 602 2207 ditissimus
618 2158 727 2221 quisque
744 2165 772 2207 et
791 2172 844 2207 aro·
881 2157 1005 2205 memoria
1020 2158 1082 2207 Tac.
1101 2158 1127 2206 in
1138 2157 1191 2205 lato
1202 2155 1315 2205 historiae
1328 2168 1422 2218 parer-

311 2232 410 2283 bitione
422 2239 450 2281 et
462 2232 609 2282 licitatione
620 2232 732 2283 maxims
742 2233 842 2285 vicibus
881 2246 924 2295 go.
957 2232 1025 2283 Nam
1047 2239 1119 2281 certa
1141 2237 1235 2296 qnater
1254 2237 1419 2283 emunctam

310 2306 513 2371 comparabant)
882 2315 928 2357 aut
936 2308 1107 2359 instauratum
1118 2316 1158 2357 est
1168 2306 1324 2371 capitolium
1334 2306 1361 2355 in
1373 2321 1420 2357 co-

342 2383 449 2435 Suetorr.
470 2384 569 2435 Domit.
586 2388 611 2434 ι.
628 2385 807 2437 ‘celebrabat
816 2392 845 2437 el
881 2385 941 2435 dem
952 2386 1019 2449 loco,
1028 2400 1087 2435 cum
1097 2390 1215 2434 exustum
1226 2382 1326 2432 fuisset.

288 2460 337 2510 ·in
350 2460 449 2510 Albano
461 2462 599 2525 quotannis
610 2462 782 2526 Qtrluqnalria
792 2462 844 2513 Mt·
915 2462 1009 2523 Primo,
1037 2461 1194 2526 Capitolium
1220 2464 1382 2509 exstructum
1400 2475 1421 2513 ι

291 2534 459 2596 'reumont
472 2537 608 2602 collegium
626 2538 790 2587 instituerat:
809 2554 842 2588 ex
882 2537 1029 2603 Tarquiniis
1049 2544 1077 2587 et
1099 2537 1262 2589 combustum
1283 2542 1325 2586 est
1344 2536 1416 2587 bello

309 2628 361 2678 quo
373 2620 441 2663 sotis
453 2613 525 2664 ducti
542 2614 688 2678 magisterio
704 2612 844 2679 fungereu-
883 2613 952 2664 civili
962 2614 1074 2677 Syllano.

310 2688 372 2739 tur!
915 2689 1030 2752 Semudo,
1043 2687 1203 2753 Capitolium
1222 2687 1278 2751 ipse
1289 2686 1358 2749 Sylla
1378 2686 1418 2735 in·

342 2764 349 2798 ¹
365 2766 632 2829 Smtnesmutam]
648 2767 756 2819 Suetou.
772 2767 842 2833 Aug.
882 2764 1018 2837 stauratii,
1036 2763 1106 2828 quod
1120 2764 1238 2813 Lutatius
1251 2762 1357 2812 Catulus
1371 2761 1417 2813 ds·

311 2855 334 2891 ι.
345 2845 386 2890 sl.
407 2843 415 2870 ‘
431 2841 560 2906 Quicquid
581 2841 744 2891 fatidicorum
766 2842 842 2892 libro-
881 2839 988 2903 dicarit,
1000 2846 1027 2890 et
1038 2853 1133 2889 nornen
1144 2838 1284 2901 inscripsit.

311 2931 369 2966 rntn
380 2916 465 2966 Graeci
478 2916 619 2981 Latinique
638 2918 748 2982 generis,
767 2920 842 2969 nullis
914 2916 1002 2980 Tertio,
1021 2915 1196 2980 Vespasianus
1208 2914 1325 2965 restitnit
1336 2914 1416 2979 Capi-

309 2992 354 3041 rei
375 3005 463 3054 parurn
475 2991 574 3042 idoneis
586 2993 745 3057 auctoribus,
764 2995 841 3059 vulgo
880 2992 979 3052 lolium,
991 2992 1059 3056 qnod
1073 2991 1142 3041 bello
1152 2990 1294 3041 Vitelliano
1304 2999 1413 3055 suerat,

310 3065 451 3129 ferebatur,
461 3082 538 3131 supra
549 3068 600 3117 duo
611 3070 691 3118 millia
705 3076 841 3123 contracta
880 3067 1002 3133 idemque
1013 3068 1153 3119 dedicarit.

311 3142 425 3208 undique
437 3144 578 3195 cremavit:
596 3158 626 3193 ac
645 3145 714 3193 solos
733 3146 840 3196 retinuit
914 3144 1015 3204 Quarto,
1026 3144 1182 3207 Capitolium
1192 3143 1345 3193 instaurarit
1356 3144 1414 3194 Do·

309 3216 465 3283 Sibyllinos:
482 3219 528 3267 laos
539 3233 642 3283 quoquc
654 3221 758 3271 delectu
769 3221 840 3271 liabi-
878 3217 1010 3281 mitlsnus,
1021 3218 1082 3268 cuni
1092 3234 1177 3269 rursus
1189 3219 1308 3269 incendio
1323 3220 1416 3283 periis-

310 3301 348 3357 to,
359 3294 636 3359 condiditqucduobns
645 3294 735 3347 forulis
746 3298 842 3353 auratis
882 3298 931 3354 sel,
959 3299 1014 3346 tum
1034 3309 1092 3342 cum
1113 3294 1214 3343 interiit
1230 3294 1415 3360 Vespasianus.

309 3370 358 3419 sul)
370 3370 483 3419 Palatini
491 3370 619 3435 Apollinis
630 3371 704 3423 bsai!
882 3366 950 3419 lllud
970 3376 1056 3418 auteur
1067 3370 1142 3434 louge
1155 3368 1358 3434 magnificentius
1369 3385 1416 3421 ex·

337 3441 347 3485 i
358 3444 448 3493 &ciart
456 3445 526 3508 ictu]
537 3446 606 3498 Quid
617 3448 674 3496 air?
686 3448 776 3498 sociati
787 3449 842 3500 Ῑῑ..
880 3444 977 3495 struxit
991 3446 1163 3508 Domitianus,
1174 3462 1250 3512 quam
1260 3454 1338 3497 antea
1348 3445 1413 3497 fuis·

309 3518 361 3570 iioo
372 3518 441 3569 ballo
450 3521 606 3583 Capitolium
618 3521 755 3587 flagravit?
780 3526 841 3575 Non
880 3527 930 3582 set,
949 3521 1130 3587 impendttqae
1141 3525 1167 3571 in
1185 3524 1247 3573 iliud
1269 3538 1333 3589 opus
1349 3522 1415 3573 doo-

310 3594 382 3669 alios²
390 3595 436 3645 sed
448 3602 484 3658 te,
494 3596 521 3645 in
532 3604 559 3647 ta
571 3597 679 3661 advoco,
695 3600 738 3664 qai
750 3602 841 3653 acribia
881 3596 964 3645 decim
973 3598 1053 3646 millis
1063 3600 1227 3649 talentorum.

309 3671 410 3721 Histor.
428 3672 445 3719 i.
458 3686 501 3723 stt.
521 3678 529 3702 ‘
542 3674 698 3737 Capitolium
716 3674 841 3741 flagrasse
912 3672 944 3722 ln
956 3673 994 3722 ota
1006 3674 1130 3739 parergia,
1148 3690 1206 3738 quat
1219 3690 1251 3724 ex
1261 3681 1350 3723 vetere
1361 3673 1413 3724 isis-

213 3806 219 3819 ·
309 3748 342 3799 la
359 3748 490 3812 Scipione,
501 3749 532 3799 C.
546 3749 669 3799 Norbano
681 3751 763 3802 Coss!
792 3752 841 3804 At·
881 3750 948 3801 toria
968 3756 1130 3813 repetuntur,
1149 3750 1216 3801 forte
1236 3766 1286 3801 non
1299 3750 1413 3800 satiast-

308 3824 354 3889 qui
365 3832 427 3875 tuuc
437 3825 537 3887 jamdiu
553 3828 666 3889 positum
678 3828 774 3877 sociale
785 3827 840 3879 bel-
880 3826 966 3877 tendit
976 3826 1083 3876 Tacitus
1095 3844 1101 3877 ι
1119 3827 1166 3877 aed
1178 3828 1232 3876 hac
1245 3826 1361 3891 suppleri
1371 3823 1412 3885 ia·

307 3902 370 3951 lum.
400 3892 504 3951 ''l'ulllus
517 3901 565 3951 tibi
586 3903 648 3952 licet
662 3903 740 3965 adsit,
760 3919 840 3953 ama·
880 3902 939 3966 cilo,
949 3909 993 3951 aut
1004 3902 1130 3969 explicari
1142 3910 1260 3967 possunt.

308 3976 396 4028 morie
409 3976 472 4027 vitio
486 3992 537 4027 non
550 3987 664 4028 excuset.
698 3978 839 4031 civilitatis
913 3977 1063 4028 Deilocllb.
1075 3978 1180 4043 Sibyllae
1189 3978 1357 4029 deliberatum
1369 3982 1413 4027 est

309 4053 441 4118 scripsisse
453 4056 555 4107 omnino
567 4061 593 4105 te
604 4070 637 4105 ex
648 4056 756 4106 lriatoria
766 4072 841 4121 opor·
879 4054 905 4103 iu
916 4062 1016 4118 senatu,
1025 4056 1093 4121 quod
1103 4056 1196 4119 disces,
1206 4070 1271 4105 anno
1280 4060 1305 4107 ι.
1322 4056 1413 4121 Olym·

310 4127 370 4178 tuit.
386 4130 492 4193 Lipsiae.
878 4130 963 4194 pisdls
972 4134 1029 4183 suu.
1041 4132 1315 4181 Ronoconouarao.
1328 4130 1414 4179 Ciris-

340 4202 549 4260 Essdutuuciali
559 4207 630 4272 lullo]
655 4207 698 4259 Ιιι
708 4206 840 4273 permixta
880 4204 950 4255 tiss.
970 4211 997 4254 et
1008 4204 1108 4270 imperii
1120 4206 1219 4257 Tiberii
1237 4210 1277 4258 ts.
1290 4204 1358 4256 sdic
1370 4206 1414 4259 10.
