3159 4917
323 358 390 427 988
670 378 702 426 ο,
726 376 910 452 curtulum
932 374 1063 424 unctus
1271 381 1451 446 [susus

322 518 429 597 sutori,
458 520 660 603 gloriamque
688 518 844 584 iocinoris
863 520 952 585 nliro
972 523 1103 603 peiere:
1124 519 1252 584 olorum
1272 541 1324 585 ex
1347 542 1397 587 eo
1412 524 1447 587 in

322 621 415 698 urbe,
426 620 532 686 didita
541 640 599 705 per
613 623 818 705 provinciusB
832 622 934 699 fumo,
950 640 1071 704 perure
1085 621 1199 685 iteruri
1210 621 1450 691 Germanicos

322 756 352 833 et
372 784 475 848 publice
491 786 612 837 confiteri
627 787 653 836 io
671 786 793 835 concione
811 784 901 848 populi
917 784 992 834 Rom.
1009 790 1037 833 et
1048 784 1098 833 sibi
1118 783 1252 833 vindicare
1272 786 1350 836 ultro
1362 786 1449 837 decus

323 846 460 900 iecinoris:
488 866 521 900 ex
546 866 578 899 eo
604 860 721 913 ternpore
743 850 870 899 illustrem
890 849 967 911 ipsese
983 849 1010 897 iu
1028 849 1138 898 elritute
1154 863 1214 912 esse,
1235 850 1319 899 eliu·
1338 866 1451 903 umore

322 926 410 977 spsrso
417 914 517 965 decoris
525 931 572 979 per
580 916 733 980 provincius,
741 913 862 965 meditari
872 912 1060 977 prosectionem
1072 913 1107 964 ed
1119 913 1234 979 legiones
1245 916 1449 967 Germanicas:

785 1024 964 1045 moemnn

323 1106 392 1157 Busi-
410 1109 519 1157 melone
539 1108 595 1173 (ed.
608 1125 648 1173 pr.
659 1109 804 1174 concionem)
823 1126 850 1174 p.
869 1111 902 1159 ll.
914 1108 1001 1168 soleri.
1035 1108 1087 1157 Sed
1109 1109 1180 1173 vulg.
1192 1108 1252 1157 inde
1264 1124 1280 1157 e
1291 1108 1409 1159 Pnteel.
1421 1112 1448 1158 is

321 1172 437 1221 enciens.
465 1173 534 1221 lllud
546 1174 706 1224 restituimus
725 1176 822 1238 potius,
832 1183 957 1239 reeteque
968 1173 1163 1237 distinguimus.
1195 1174 1269 1223 Olim
1285 1174 1367 1237 (curn
1378 1176 1452 1223 nili·

323 1242 363 1285 iss
380 1236 489 1285 cereris
500 1250 590 1286 necem
603 1238 701 1288 ulturos
718 1254 781 1289 voce
793 1254 841 1289 sus
857 1240 1045 1288 deterruisset:
1064 1239 1182 1287 ‘utinum
1193 1252 1242 1301 ego
1254 1238 1348 1301 ipsun
1360 1240 1450 1287 ister·

323 1297 443 1349 fecissem
452 1300 469 1350 l'
486 1303 553 1365 quod
569 1304 631 1366 Dio,
642 1318 666 1353 r..
677 1308 719 1353 69.
736 1303 845 1368 refert);
866 1311 895 1354 et
903 1318 972 1353 nune
985 1319 1001 1352 e
1037 1303 1101 1352 rtius
1107 1302 1195 1364 soteri,
1205 1316 1233 1350 se
1244 1317 1299 1351 non
1312 1303 1447 1365 proluet·-

323 1378 378 1413 rem
390 1364 475 1428 modo,
485 1366 530 1415 sed
542 1372 569 1415 et
579 1382 717 1430 suasorem,
737 1375 881 1430 auctorem,
902 1368 974 1417 oecis
1021 1368 1081 1427 lese,
1089 1367 1236 1429 gloriosique
1242 1366 1371 1426 facinoris
1379 1368 1449 1415 stirs

322 1428 405 1493 (ultre
422 1444 498 1493 quum
509 1431 569 1479 olim
582 1430 711 1496 professus
723 1431 794 1497 erut)
801 1438 890 1496 petere.
916 1430 959 1481 Cf.
966 1446 1025 1495 quae
1035 1431 1131 1481 Cicero
1142 1431 1261 1479 similiter
1272 1430 1308 1478 nb
1320 1430 1449 1481 Anionis

323 1491 484 1543 insimulatus
500 1494 532 1543 de
550 1509 614 1545 nece
624 1497 733 1547 Caesuris
745 1497 808 1546 dicit
819 1497 931 1561 Philipp.
943 1510 977 1545 rt.
997 1500 1036 1544 11.
1048 1510 1102 1559 seq.
1115 1495 1203 1559 ibique
1215 1510 1232 1542 u
1243 1495 1326 1543 variis
1341 1504 1448 1544 notsts.
1540 1505 1541 1516 ¹

323 1556 438 1607 Videant
445 1559 501 1622 jem
513 1560 735 1624 intelligentiores,
747 1576 808 1610 nutn
817 1561 884 1610 bene
896 1560 1091 1610 discesserimus
1104 1572 1120 1607 n
1133 1560 1248 1621 vulgate,
1269 1573 1333 1622 qoae
1346 1560 1448 1608 Piclse·

323 1628 380 1669 ttsrn
401 1629 531 1671 auctorem
550 1623 638 1684 hebet,
658 1640 703 1673 non
719 1624 804 1676 setin.
815 1624 960 1675 inconcione
979 1625 1008 1672 Ρ.
1023 1624 1055 1671 li.
1066 1622 1156 1683 soteri,
1170 1627 1212 1686 ipe.
1246 1621 1276 1671 ls
1286 1624 1400 1687 quidem
1415 1638 1450 1672 e:

324 1684 389 1735 cm.
401 1685 471 1736 Flor.
483 1686 549 1736 bene
561 1689 676 1739 restituit
681 1686 759 1748 soleri
770 1688 853 1755 (quod
861 1688 1000 1739 Rhenanus
1011 1687 1145 1751 omiserat,
1151 1694 1180 1736 nt
1189 1689 1215 1735 in
1227 1686 1294 1739 (lod.
1303 1688 1379 1737 Busl.
1389 1702 1445 1737 nun

819 1818 929 1869 NOTAE

322 1928 730 1997 populiliors.soterigloriongse.
763 1932 857 1993 ldest,
897 1930 1041 1981 cretionem
1066 1929 1198 1979 imbuisset
1225 1927 1368 1977 Asiaticus
1398 1942 1450 1991 pse

322 2001 474 2053 inemcime.
506 2007 582 2057 Quod
595 2016 680 2055 sertem
701 2009 747 2070 sit,
767 2008 857 2070 proeci-
899 2005 1012 2054 Rostris:
1032 2004 1077 2053 sesi
1090 2012 1154 2067 puto
1172 2005 1200 2053 id
1214 2010 1316 2053 temere
1336 2010 1370 2053 et
1381 2018 1448 2052 emo

323 2086 546 2139 puumsuciorem
561 2080 857 2132 interficiendiCsesuris
895 2078 1015 2141 fectum
1041 2094 1135 2143 nempe
1164 2081 1347 2130 tumultuante
1374 2080 1449 2130 iuter

323 2150 476 2215 Asiaticum,
488 2156 621 2207 eddiciiei
631 2158 756 2207 Senecul.
770 2172 802 2206 rr.
812 2159 857 2207 De
897 2154 1021 2219 populum
1040 2156 1114 2203 Rom.
1135 2154 1221 2203 milite
1237 2160 1264 2203 et
1280 2152 1394 2203 furente
1410 2154 1447 2205 oli

323 2226 420 2291 Tran.
440 2244 464 2278 c.
481 2234 521 2278 18.
537 2229 596 2279 ‘Es
617 2228 729 2280 referum
749 2246 808 2297 quse
829 2233 858 2282 il·
895 2229 997 2279 cutiens
1006 2229 1063 2279 Cnil
1075 2229 1233 2292 ceresium
1244 2230 1352 2279 illorum
1364 2232 1449 2280 ends·
1540 2229 1541 2248 ¹

323 2302 375 2351 lum
393 2302 509 2369 (Culum)
530 2306 767 2357 esitiodederout:
785 2307 857 2358 Asis·
896 2306 963 2354 cium
982 2304 1118 2354 coerceret
1140 2318 1188 2368 pro
1207 2320 1255 2353 sue
1275 2307 1447 2357 suctoritste

323 2376 404 2427 ticum
417 2379 547 2431 Valerium
567 2382 592 2431 in
610 2382 698 2447 primis
709 2384 799 2433 emicls
813 2384 856 2432 ns·
896 2380 1093 2445 erraticosque
1104 2380 1144 2429 bis
1162 2381 1252 2429 consul
1267 2380 1374 2443 fueret,
1393 2398 1448 2432 rus·

324 2454 415 2520 bebai,
435 2454 548 2508 ferocem
567 2458 658 2521 rlrnm,
676 2467 704 2509 et
721 2460 765 2509 vix
781 2476 856 2525 aequo
895 2456 1076 2517 transcendit,
1089 2458 1446 2522 etexitmporsllornilone,

323 2530 410 2581 tuimo
431 2534 527 2585 slienes
550 2536 720 2586 contumelias
733 2538 855 2587 intrusum.
894 2532 963 2584 forte
974 2548 1025 2583 nou
1037 2541 1175 2599 perpetus,
1185 2534 1314 2584 allocutos
1328 2540 1375 2585 esi
1395 2548 1445 2583 sus

323 2606 393 2656 Huic
405 2608 431 2656 iu
443 2608 572 2673 convivio,
591 2610 655 2660 item
674 2610 700 2659 ln
713 2612 855 2673 concione,’
895 2610 940 2673 qul
951 2623 1119 2673 percussores
1129 2615 1287 2673 quererent,
1297 2617 1367 2659 etse
1379 2624 1443 2660 ese·

321 2678 401 2745 (forte
413 2684 553 2747 mgrsiiiose,
565 2700 624 2735 uum
638 2686 760 2736 videlicet
775 2700 857 2737 usses·
895 2690 982 2734 torem
995 2684 1055 2733 telis
1066 2683 1334 2749 iecinorisesoptsrit
1342 2686 1447 2749 pulsum

321 2768 364 2804 sor
373 2756 614 2825 eiconsllisriusque
624 2760 755 2811 Asiaticus
765 2762 858 2827 esset,)
895 2764 926 2808 ut
937 2759 975 2808 sie
985 2772 1030 2808 eos
1041 2765 1195 2810 exterreret.

321 2830 484 2883 ‘clarissime
499 2848 575 2898 voce,
592 2836 675 2900 quells
694 2838 721 2885 ln
732 2838 857 2888 concubi.
928 2835 989 2899 lpse
1000 2849 1051 2884 non
1063 2835 1160 2899 ulloqui
1182 2833 1282 2884 etnicos
1306 2834 1387 2897 Ceio,
1408 2836 1445 2887 on

322 2912 353 2956 iu
365 2914 435 2958 esset
446 2922 510 2958 sinor
527 2910 592 2974 ejus,
608 2910 714 2975 objecit.
741 2911 776 2961 Di
787 2912 858 2977 boni,
896 2926 1003 2962 uxorem
1014 2926 1086 2961 soem
1108 2912 1151 2961 cni
1162 2917 1281 2975 stuprum
1301 2910 1445 2972 intolerst,

322 2982 372 3032 ltoc
389 2983 473 3033 sirum
498 2985 598 3048 andire,
616 2988 761 3052 principem
779 2989 855 3052 scire,
895 2988 1072 3053 inierepules,
1082 2994 1110 3037 et
1122 2986 1325 3051 quaeiuissetes
1335 2989 1365 3038 in
1377 3002 1444 3041 uou-

323 3066 352 3107 et
362 3074 444 3124 usqne
465 3076 495 3111 eo
511 3062 644 3114 licentium
656 3066 815 3128 pervenisse,
824 3072 856 3114 nt
896 3064 995 3127 cubitu,
1006 3064 1255 3127 pelsmjectsverei.

321 3148 374 3185 non
393 3136 452 3187 dico
468 3139 606 3201 consulsrl,
623 3154 674 3189 non
690 3140 750 3189 dico
761 3142 855 3202 smieo,
929 3140 1009 3189 Forte
1020 3140 1112 3203 etipse
1123 3138 1257 3189 Asistieus
1265 3139 1441 3191 mulielnte·

323 3210 370 3259 sed
382 3216 483 3261 tentum
493 3214 597 3275 morito,
614 3214 734 3278 princeps
745 3222 774 3265 et
783 3216 856 3266 edul-
895 3221 968 3277 netu,
987 3221 1019 3265 ut
1032 3222 1060 3264 et
1072 3213 1115 3263 elii
1127 3214 1229 3276 Patres,
1239 3227 1288 3277 pro
1299 3214 1440 3275 libertate,

322 3285 416 3335 terium
437 3300 510 3336 sunm
531 3293 628 3351 narret,
650 3295 677 3339 ei
695 3288 855 3340 fastidioml'
895 3296 923 3339 et
937 3290 964 3337 in
983 3288 1119 3359 ¹(lleutlium
1139 3288 1252 3339 mimusu
1275 3298 1442 3353 promeret,

321 3360 390 3410 Vide
401 3360 544 3427 Joseplsum
555 3364 750 3431 Antiquitetnm
765 3368 856 3419 lutosi·
895 3366 958 3415 dom
977 3371 1047 3415 esset
1066 3366 1093 3415 in
1115 3364 1208 3414 cestris
1233 3365 1291 3428 ipse
1312 3365 1442 3417 cusdiss

322 3436 436 3485 centini.
448 3438 722 3491 numennumen.
748 3442 854 3506 lipsius.
890 3441 945 3506 jam
956 3441 989 3491 sd
998 3442 1175 3505 principatum
1190 3448 1298 3504 reptus3
1319 3455 1437 3506 quorun

356 3510 413 3560 Non
421 3514 558 3564 extimuisse
567 3516 593 3564 r'rr
604 3518 711 3565 concione
720 3532 773 3580 pop.
783 3517 854 3568 Reus.
895 3524 981 3567 umen
991 3518 1114 3578 omnium,
1121 3516 1327 3579 amnestiam,
1336 3532 1438 3569 messo-

316 3584 408 3649 seierr]
430 3588 496 3637 Cum
507 3590 672 3653 prseturlsnoe
685 3592 806 3640 cohortes
814 3599 855 3642 tn·
894 3592 959 3642 rium
972 3592 1093 3642 abolitum
1105 3592 1197 3655 soluit,
1207 3600 1236 3641 et
1245 3591 1324 3643 uelem
1335 3596 1443 3658 pruti-

321 3664 479 3713 mulioeutes
501 3674 658 3729 quererent,
683 3666 740 3729 quis
763 3668 855 3718 Culum
895 3670 1082 3731 titClsudius3
1103 3669 1174 3719 t'orte
1188 3678 1301 3734 excepto
1312 3670 1438 3723 Asinius

321 3737 596 3801 occidisset,vslerius
603 3738 745 3802 Asiaticus,
752 3743 857 3794 vireon-
895 3744 956 3808 isto,
976 3760 1052 3811 quesn
1071 3754 1166 3809 temen,
1178 3760 1229 3795 nou
1240 3747 1365 3797 nisidolo
1383 3760 1441 3799 ιι-

321 3814 422 3875 soleris,
438 3821 536 3878 preter
549 3816 696 3879 opinionem
710 3818 857 3869 sederitss·
894 3822 967 3872 lieris
986 3829 1014 3871 et
1040 3822 1145 3886 pessimi
1167 3822 1311 3872 sdulsioris
1333 3826 1438 3874 sscien

321 3890 455 3951 ditionem,
464 3906 570 3943 escenso
581 3893 652 3943 edito
664 3896 721 3944 loco
732 3896 857 3946 vocifere-
896 3898 1031 3960 deceptos,
1039 3897 1146 3959 occidit,
1154 3898 1206 3947 elio
1221 3904 1307 3948 temen
1321 3907 1438 3963 pretex-

322 3972 382 4015 tus:
399 3968 529 4017 ‘Utlnsrn
546 3982 594 4033 ego
614 3969 697 4031 ipsum
711 3969 855 4021 interiecis·
896 3980 925 4023 tu
947 3987 993 4023 seu
1015 3988 1102 4036 osnes,
1118 3974 1229 4024 silente
1239 3976 1344 4025 molitus
1361 3974 1441 4027 Asis·

322 4054 386 4089 seur.
419 4043 521 4093 Quibus
543 4044 628 4093 verbis
649 4046 732 4096 territi
749 4047 856 4112 milltes,
895 4050 972 4099 tiens.

322 4118 495 4168 tumultuandi
504 4118 581 4169 finem
593 4118 730 4171 iecerunt!
749 4122 810 4172 Dio.
925 4125 1051 4176 emus
1079 4140 1124 4192 per
1152 4127 1300 4192 φησίπᾶν]
1346 4128 1439 4193 Vulgo

321 4194 325 4199 “
355 4190 515 4257 temous]
542 4194 574 4243 ut
598 4197 802 4260 restringuunt
820 4210 855 4245 ex
893 4202 984 4252 deth.
1010 4203 1164 4253 lucretius:
1193 4203 1312 4253 ‘rtem
1333 4203 1441 4253 sin-ls-

322 4282 395 4320 more
417 4270 511 4335 reteri,
539 4278 632 4323 roceto
658 4272 756 4339 populo
778 4275 853 4327 ηοω.
893 4276 1074 4330 erst'ernntnr
1097 4278 1230 4345 Undique,
1248 4284 1285 4329 et.
1304 4278 1335 4329 in
1354 4292 1441 4332 eene·
