3159 4917
135 389 291 454 acea]
512 376 719 428 rannerus
744 375 818 426 nra.
842 376 895 423 vr.
1196 358 1262 424 941

138 530 275 611 patriis
289 524 439 590 moribus
452 522 574 607 impar,
586 524 705 587 morbo
719 523 894 586 absumtos
909 525 970 585 eat.
1001 518 1068 585 Sed
1083 522 1149 583 r'roa
1162 518 1263 583 'libe'-

139 630 223 693 riirs
241 628 356 693 omisit
366 626 511 709 incepta.
536 621 729 702 Tiridaten,
744 625 918 706 sanguinis
932 622 1092 708 ejusdem,
1107 622 1262 686 aemulum

142 728 342 805 Artabano,
366 726 658 810 reciperaudaeque
683 724 851 789 Armeniae
879 720 1020 787 Iberum¹
1050 720 1263 785 Mithridaten

141 829 282 911 deligit,
297 828 516 909 conciliatque
527 828 620 890 tratri
630 826 859 903 Pharasmani,
870 827 927 908 qui
942 824 1059 907 gentile
1067 823 1261 906 imperium¹¹¹

142 932 338 996 obtinebat:
364 934 397 992 et
419 929 560 1005 cunctis,
575 946 652 1011 quae
676 928 767 1011 apud
792 927 958 991 Orientem
983 928 1197 1009 parabantur,
1220 922 1261 987 L.

140 1031 331 1097 Vitellium
346 1029 528 1112 prefecita
547 1048 588 1091 eo
599 1028 642 1091 de
653 1029 794 1105 bomine,
807 1028 897 1091 band
914 1046 989 1091 sum
1004 1028 1151 1109 ignarus,
1164 1026 1262 1089 sinis-

140 1139 237 1197 tram
262 1133 297 1195 irr
318 1132 401 1193 urbe
420 1129 555 1207 famarm
578 1130 739 1213 pleraque
764 1129 858 1194 foeda
880 1131 1072 1193 memorari:
1107 1134 1260 1201 ceteram,

141 1233 306 1316 regendis
321 1232 503 1315 provinciis
516 1233 630 1314 prisea
644 1230 765 1294 virtute
782 1231 857 1312 egit.
903 1228 1001 1293 Unde
1026 1246 1204 1311 regressae,
1228 1232 1262 1289 et

141 1334 330 1399 fonnidme
345 1332 384 1396 G.
401 1332 559 1410 CaesariS,
571 1332 794 1395 familiaritate
815 1329 961 1408 Claudii,
983 1336 1079 1421 turpe
1102 1330 1137 1391 iu
1160 1327 1261 1392 servi·

144 1514 252 1562 thorun
262 1511 370 1571 mansit,
383 1510 473 1585 patriis
488 1509 606 1558 msera
619 1509 683 1557 laad
692 1508 817 1583 sufficiens,
834 1509 932 1557 adversa
947 1508 1081 1558 wlstadiae
1091 1508 1210 1556 metas
1221 1512 1264 1557 est.

144 1575 199 1626 Sed
214 1574 324 1624 libertas
342 1574 517 1623 deninataaon
533 1574 650 1622 deseruit:
666 1572 765 1621 amarit
786 1572 917 1621 Tiridatem
933 1572 1017 1635 stirpis
1035 1573 1146 1634 quaem,
1165 1570 1263 1620 riualem

144 1639 284 1701 Artabani,
299 1644 322 1687 et
334 1638 429 1686 lberam
441 1637 609 1687 Mithridaten
623 1638 655 1685 ad
665 1635 824 1699 recipiendam
835 1636 981 1697 Armeniam,
993 1638 1043 1685 et'
1034 1652 1060 1685 ιιι
1070 1636 1216 1685 masadam
1225 1650 1263 1685 re·

144 1704 220 1753 daclt
230 1702 370 1761 cumfratre
380 1702 553 1763 Pharasmane,
604 1700 715 1764 'paterni
731 1700 801 1763 regni
815 1700 959 1763 potiebatur,
969 1700 1087 1765 (lberam
1101 1714 1193 1763 nerrrpe
1202 1698 1263 1761 ;)et

145 1768 250 1817 eamn
261 1782 313 1830 que
323 1768 354 1815 ad
372 1766 495 1814 Odeaten
504 1737 571 1814 striis
617 1772 665 1827 tarr,
678 1766 710 1813 L.
726 1764 848 1814 Vitelliam
859 1764 979 1828 imposuit.
1015 1766 1070 1815 Non
1081 1762 1189 1824 mesallit
1198 1766 1226 1812 de
1236 1780 1263 1811 eo

145 1832 203 1880 niro
216 1832 331 1879 malara'
321 1846 347 1878 or
364 1830 463 1877 deitate
477 1844 592 1878 raram
606 1830 758 1892 increbuisse,
773 1830 892 1893 multaque
909 1828 1038 1878 intonasta‘
1047 1829 1158 1889 valgum
1182 1829 1246 1875 sed'
1239 1842 1263 1889 ra

145 1895 352 1947 administrandis
357 1893 488 1957 provinciis
498 1895 597 1957 entim
607 1894 733 1956 disciplina
744 1894 804 1955 egit.
836 1894 903 1942 Unde
913 1908 1018 1942 reserare
1028 1898 1052 1942 et
1061 1897 1126 1942 meta
1137 1892 1263 1953 Caligula,

145 1962 174 2008 et
184 1958 300 2009 amicitia
312 1958 420 2021 Claudii,
434 1956 554 2018 soedaar'
545 1972 572 2007 an
586 1958 724 2007 sanitatem
741 1956 855 2021 abreptas
873 1972 901 2007 aa
917 1960 1026 2023 degener,
1036 1959 1150 2021 specimen
1159 1972 1186 2006 aa
1196 1958 1265 2003 docu-

631 2076 636 2084 ’
651 2102 762 2153 nora

147 2215 226 2277 bani,
244 2215 326 2278 raagis
344 2215 479 2266 Bestias:
502 2216 529 2264 irr
549 2215 691 2280 ΤΙιοιιιΙίι,
730 2216 873 2270 ordinarias
900 2216 1047 2266 consulatus
1074 2221 1262 2279 censuramque

146 2289 229 2355 equis
246 2289 344 2339 alendis
368 2296 397 2339 et
408 2288 491 2338 freno
501 2290 615 2354 regendo
630 2290 691 2338 Ale·
730 2290 820 2353 gessit.
853 2288 1262 2355 Curamquoqueimperiisurti·

147 2365 228 2414 vadis
240 2363 355 2426 equestri
364 2364 409 2413 illa
418 2364 558 2427 disciplina
567 2365 691 2428 peritior3
729 2364 796 2426 nait,
805 2364 913 2414 absente
933 2378 974 2427 eo,
983 2365 1148 2428 expeditione
1159 2364 1264 2415 britan·

148 2442 334 2505 Spartacum
353 2440 386 2488 ad
404 2439 557 2503 patientiam
567 2446 596 2489 et
612 2440 691 2489 animi
730 2440 805 2489 ntea:
823 2440 863 2489 vir
883 2441 1005 2489 innocens
1016 2445 1044 2489 et
1055 2440 1261 2500 industrius,sed

148 2513 241 2567 secan
252 2514 469 2579 tranquillitatem
478 2530 507 2563 se
515 2523 691 2581 componeret
731 2530 819 2564 amare
841 2514 982 2564 Libertina
1008 2513 1167 2577 perinfamis,
1188 2514 1262 2579 cujus

149 2590 366 2642 Laeedoenronios
393 2590 508 2649 viaisse3
536 2590 600 2638 meri
625 2597 690 2654 potu
730 2591 811 2639 etiarn
834 2590 921 2638 salivis
943 2590 1020 2639 melle
1042 2589 1191 2652 commistis,
1213 2604 1262 2639 nec

150 2676 292 2730 superasse
310 2664 451 2715 'lbracesr’
476 2672 504 2714 et
525 2664 604 2727 iufra,
617 2666 690 2714 ‘·Ex
730 2666 797 2715 elam
818 2662 922 2731 quidem
940 2670 1064 2726 autraro,
1084 2664 1129 2714 sed
1145 2666 1271 2737 quotidie

152 2740 243 2803 amplo
261 2736 400 2789 Pausania
413 2740 550 2791 Medorum
569 2754 597 2790 se
614 2741 690 2791 urari-
729 2742 863 2805 acpalanr,
870 2740 1114 2791 arteriasetsarrees
1125 2756 1172 2803 pro
1183 2756 1264 2791 reme·

152 2814 691 2878 basAlcibiadesaccommodaritettan-
730 2814 900 2866 dioiovebat.
934 2816 1007 2866 Idem
1025 2818 1082 2866 miri
1095 2817 1121 2866 iu
1134 2815 1262 2867 adulando

153 2894 240 2957 risper
252 2892 322 2940 dum
345 2894 415 2956 apad
437 2892 632 2943 Pharnabasarn
650 2899 692 2943 est
729 2894 940 2958 ingenii‚priruns
963 2894 993 2943 C.
1005 2894 1135 2943 Cesaram
1150 2892 1261 2957 adorari,

154 2974 339 3030 muneratos,
356 2968 469 3031 liugnam
481 2968 615 3018 Persicam
627 2968 690 3018 didi·
729 2976 759 3020 ut
769 2970 857 3019 Deum
875 2968 1003 3018 instituit:
1022 2984 1077 3017 cunr
1098 2983 1217 3018 reversus
1228 2983 1262 3019 ex

154 3046 203 3107 cit,
215 3051 245 3094 at
257 3044 499 3095 et'llremistoelas.’
728 3044 804 3108 Syria
820 3058 870 3093 non
891 3044 968 3093 aliter
990 3043 1062 3092 adire
1086 3056 1163 3092 nasas
1183 3051 1261 3107 esset,

188 3120 197 3154 ¹
224 3121 334 3184 Ibmnr]
361 3121 450 3170 Iberia
469 3121 542 3186 regio
563 3120 632 3171 Asia
656 3120 689 3170 ad
729 3134 807 3184 quam
824 3119 909 3182 eapite
929 3119 1026 3179 relato,
1048 3117 1262 3169 circumverterrs·

153 3202 269 3248 mantem
278 3198 431 3260 Caucasum,
447 3202 475 3247 et
490 3198 523 3246 ad
535 3198 631 3262 Cyrum
642 3194 689 3246 du·
728 3210 778 3259 que
800 3209 838 3259 se,
857 3192 952 3243 deinde
971 3192 1150 3258 procumbens.
1185 3195 1262 3244 Clau·

154 3272 225 3322 rium
234 3288 316 3337 prope
328 3273 477 3323 Armeniam
488 3274 625 3337 majorem:
642 3275 688 3323 bo-
728 3271 799 3320 diuur
818 3269 940 3320 uxoribus
957 3269 1107 3335 libertisque
1119 3268 1261 3335 addietum,

156 3347 201 3397 die
211 3362 293 3411 regna
305 3350 407 3396 Cardasl
417 3355 445 3397 et
456 3348 557 3398 Zaeled
568 3350 593 3397 in
605 3348 687 3398 Geor·
728 3360 761 3395 ne
782 3360 833 3411 qna
855 3360 906 3395 non
926 3353 983 3395 arte
992 3407 996 3415 1
1006 3345 1201 3409 demereretur,¹
1212 3360 1260 3409 pra

154 3424 199 3486 gia
206 3426 325 3487 regione:
337 3439 371 3473 ex
381 3425 484 3475 chartis
493 3426 617 3476 Gulielmi
624 3428 687 3476 San.
726 3424 838 3472 maximo
850 3438 955 3472 maner-e
974 3438 989 3471 a
1008 3422 1157 3471 Messallina
1173 3420 1260 3485 petilt;

156 3500 236 3550 sonis.
270 3499 431 3549 lillenrosias.
727 3498 815 3548 nisibi
827 3496 1259 3563 pedbsprsebereterrcalceandos:

190 3584 208 3609 ὓ
232 3575 331 3624 Gentile
348 3576 483 3639 bperiarn]
508 3578 559 3628 Qui
581 3576 689 3627 haberet
727 3575 925 3639 detractumque
936 3574 1066 3623 socculum
1083 3574 1261 3637 dextram,iu··

155 3666 265 3717 regnum
276 3664 329 3699 aare
339 3652 432 3715 gentis,
440 3652 575 3701 iberorum
585 3666 688 3716 nempe,
728 3657 770 3699 ter
789 3658 876 3716 togam
897 3651 1048 3714 tunicasque
1068 3650 1181 3713 gestavit
1198 3651 1260 3698 asai-

155 3728 200 3778 rel
221 3741 274 3776 sure
296 3724 411 3788 familia,
432 3734 460 3775 et
484 3728 580 3777 avitum
607 3728 688 3789 impe-
728 3726 789 3787 dne,
797 3740 977 3791 nonnunquam
986 3725 1183 3776 osculabundus.
1195 3724 1260 3775 Nar-

156 3804 231 3854 riarn.
264 3803 344 3851 Forte
357 3807 493 3867 utramque
507 3802 688 3866 intelligitis·
727 3802 787 3849 eiasi
810 3816 910 3866 quoque
933 3808 961 3849 et
983 3800 1110 3849 Pallantis
1134 3800 1259 3863 imagines

156 3880 233 3931 citas.
728 3890 821 3925 sareas
837 3876 1101 3933 interbarereoluit,
1134 3874 1259 3937 llujrrset

187 3962 201 3990 ¹⁸
216 3954 247 4006 Ι..
262 3954 384 4005 litetliam
392 3952 512 4018 nesab]
522 3952 587 4002 Eam
597 3952 689 4019 ipsum,
728 3953 774 4001 illa
784 3967 835 4002 vox
846 3960 897 4015 est,
909 3954 987 4002 Siara
998 3964 1102 4015 recres,
1116 3966 1175 4003 eum
1186 3966 1260 4003 secu-

157 4032 330 4099 quiproxime
341 4031 430 4080 consul
442 4028 536 4078 fuerat.
727 4028 794 4077 lares
805 4029 880 4079 ladas
891 4029 981 4079 edenti
997 4028 1106 4080 Claudio
1117 4030 1259 4095 gratulare·

188 4105 219 4158 1,.
252 4106 383 4170 Vitelliam]
410 4108 516 4155 Sueten.
544 4104 634 4154 Vitell.
661 4108 693 4173 2,
727 4104 789 4155 tar?

158 4182 167 4211 ⁴
179 4182 243 4243 enar
253 4182 361 4235 Claudio
371 4182 501 4249 principe,
511 4180 575 4232 duos
584 4182 689 4246 insuper
713 4246 718 4254 ἢ
