3159 4917
294 433 364 500 614
651 444 889 495 occsurum
913 442 1041 491 rsorrr
1187 468 1188 473 ,
1220 408 1291 513 'pn
1303 450 1426 503 um,

300 594 478 679 Moerim
521 591 669 657 Auctnm
686 590 775 668 hinc,
790 608 953 655 concessu
983 580 1161 667 Herculis
1181 610 1259 655 cum
1285 592 1425 675 Lydia‘

301 698 474 780 potiretur,
500 693 730 758 caerimoniam
758 691 883 774 templo
895 698 914 755 :³
943 710 1051 775 neque
1080 690 1257 763 Persarum
1284 693 1423 759 ditione

301 798 502 863 deminutum
513 796 580 879 jus.
610 850 612 853 ,
624 793 709 858 Post
723 793 943 871 Macedonas,
958 794 1034 855 dein
1049 812 1110 855 nos
1124 794 1331 859 servavisse.⁸

343 900 397 963 62.
421 896 587 961 Proximid
605 895 788 977 Magnetest
798 893 837 956 L.
850 893 1018 975 Scipionis
1031 900 1063 957 ct
1078 893 1116 957 L.
1131 894 1232 977 Syllae
1248 896 1421 960 constitu·

300 1002 345 1066 tis
358 1002 559 1065 nitebantur:
583 1016 724 1082 quorum
739 997 794 1060 ille
810 994 987 1071 Antiocho,
997 996 1051 1060 hic
1067 996 1416 1079 Mithridate¹p1dsi8‚

300 1101 399 1166 tidem
427 1112 527 1184 etque
550 1102 705 1165 virtutem
732 1099 926 1179 Magnetum
949 1097 1157 1174 decoravere,
1181 1098 1230 1161 uti
1257 1097 1414 1163 ‘Diones

302 1202 590 1286 Leucophrynae²¹¹
605 1200 788 1284 perfugium
802 1198 1005 1262 inviolabilev
1021 1196 1126 1263 foret!
1168 1196 1412 1281 Aphrodisien-

302 1389 576 1463 reiigionemdetubrt
587 1397 715 1449 beneficio
727 1397 859 1459 Herculis,
872 1412 931 1448 cum
944 1396 1051 1464 Lydiam
1073 1396 1203 1447 obtineret
1214 1412 1222 1457 ς
1243 1408 1327 1461 neque
1343 1394 1411 1445 Per-

304 1478 388 1527 sarum
400 1463 510 1527 imperio
523 1464 567 1528 jus
579 1464 751 1513 immutatum.
785 1462 892 1513 Deinde
908 1462 1075 1525 etsesdune,
1085 1469 1178 1527 postes
1189 1462 1327 1523 Romanos,
1337 1458 1409 1509 idem

305 1542 590 1656 coil'hesrt'{hstise'prorirue
607 1592 689 1642 locuti
707 1592 842 1653 Magnetes,
853 1590 962 1655 fldehoot
989 1589 1194 1641 constitutionibus
1211 1590 1241 1639 L.
1253 1586 1369 1652 Scipionis
1384 1591 1409 1636 et

304 1656 334 1706 L.
347 1657 430 1721 Spita,
440 1673 453 1705 e
464 1656 546 1721 quihus
555 1657 595 1707 iile
605 1657 731 1719 Antiocho,
745 1657 783 1705 hic
798 1656 941 1704 Mithridate
946 1654 1011 1715 susis
1020 1654 1170 1718 fugatisque,
1180 1668 1290 1702 meere
1300 1657 1409 1703 consten-

303 1723 362 1769 tium
373 1720 573 1782 etsortitudinens
584 1722 735 1783 Magnetum,
747 1728 775 1770 ut
787 1721 911 1783 tempium
930 1720 1023 1769 Dione
1042 1720 1238 1783 Leucophrynae
1251 1725 1365 1768 sanctum
1378 1722 1409 1766 et

338 1952 350 1997 1
376 1946 421 1997 Its
441 1953 544 1997 veteres
567 1947 694 1997 editiones
716 1951 743 1995 et
764 1947 933 1998 recentiores.
975 1946 1102 1999 Quosdam
1124 1944 1226 2007 medios,
1248 1945 1409 1995 Mithradate.

305 2011 442 2061 Habentur
471 2010 558 2059 uidem
569 2012 665 2059 nummi
685 2017 887 2061 ΜΙΘΡΑΔΑΤΟΥ.
916 2012 988 2061 Nihil
1009 2019 1096 2059 tamen
1112 2011 1266 2059 novandum.
1299 2008 1409 2059 Brotier.

303 2080 351 2125 -2
368 2078 459 2138 Iaeueop
505 2090 555 2123 euoe
575 2075 694 2124 Brotier:
727 2076 765 2124 sic
783 2083 812 2125 et
831 2075 974 2125 Beroaldus
994 2083 1020 2125 et
1039 2075 1166 2123 editiones
1181 2088 1269 2123 omnes
1289 2081 1407 2132 reteres3

303 2137 406 2203 Lipsius
416 2138 577 2198 emendavit,
587 2139 768 2203 bsmphrynoe.
800 2140 836 2189 At
848 2141 908 2188 nihii
921 2137 1068 2189 mutandum
1079 2156 1086 2199 3
1105 2140 1214 2199 maxime
1228 2152 1286 2188 cum
1296 2136 1408 2186 habesn-

304 2212 347 2253 tur
358 2205 453 2253 nummi
464 2204 490 2251 in
501 2202 592 2267 quibos
604 2205 751 2267 appellatur
761 2210 992 2265 ΑΕΤΚΟΦΡΥΗΝΗ,
1020 2218 1078 2253 uem
1098 2204 1135 2253 sic
1153 2210 1269 2251 vocatam
1282 2216 1298 2249 a
1309 2202 1407 2251 Leuco-

304 2269 412 2331 phryne‚
420 2268 447 2315 in
457 2268 506 2316 hoc
518 2269 616 2331 tempto
627 2269 737 2331 sepulto,
749 2269 826 2319 docet
839 2270 911 2319 Zeno
923 2267 1046 2333 Myndius
1066 2267 1134 2330 opud
1156 2268 1316 2316 Clementem
1328 2264 1406 2314 Alex·
1461 2278 1463 2282 ⁴

303 2333 402 2382 endon.
414 2332 440 2380 io
452 2331 588 2394 Protrept.
605 2346 632 2395 p.
647 2336 688 2380 89.
705 2333 813 2384 Brotier.
847 2334 978 2383 Homerus
997 2332 1077 2383 habet
1093 2331 1290 2397 senmurum,
1301 2338 1330 2379 st
1340 2330 1406 2381 Gro-

302 2397 392 2447 novius
404 2404 433 2447 et
443 2395 561 2459 Rycirius
572 2396 756 2461 leucophryooe.

804 2544 915 2599 Now

303 2639 373 2691 Quin
384 2638 476 2689 eedem
485 2654 554 2691 nono
561 2639 594 2691 de
603 2638 641 2691 eis
652 2640 837 2707 predicentur,
879 2644 987 2695 rddidit.

304 2729 379 2777 quum
392 2713 494 2779 quidem
514 2730 568 2765 rem
587 2715 708 2780 eduum,
727 2724 755 2767 et
770 2716 837 2769 t'scit
907 2719 919 2754 ὖ
938 2720 1060 2783 Proximi]
1076 2720 1119 2769 Sic
1137 2728 1224 2783 supra,
1241 2714 1343 2766 ‘Primi
1355 2728 1404 2765 om·

302 2799 333 2839 ut
354 2792 435 2853 magis
457 2791 563 2854 notique
597 2792 737 2841 credentur
759 2809 836 2858 quem
875 2796 945 2845 nium
957 2795 1062 2860 Ephesii
1074 2793 1178 2845 adiere:
1212 2790 1405 2858 Inqoibusdunr

304 2881 385 2928 noun3
403 2866 471 2931 qnod
480 2882 573 2931 nempe
584 2867 661 2917 urbes
671 2870 790 2932 qruedsm
802 2870 836 2920 eh
876 2871 943 2921 edit.
960 2870 1082 2921 Proxiow.

302 2943 354 2992 iliis
367 2943 481 2993 conditre
501 2951 529 2994 et
546 2944 733 3008 cognominata
751 2946 836 3009 perhi·
910 2946 1070 3011 ⁸Mugustes]
1096 2948 1198 3008 Nempe
1219 2942 1355 3009 Magnesia
1373 2940 1404 2992 ud

303 3020 424 3081 beentur,
435 3028 465 3069 ut
475 3020 602 3084 Ephesus,
612 3020 732 3085 Smyrna,
743 3023 835 3085 Come,
876 3023 999 3087 Sipylum.
1033 3024 1101 3072 Vide
1112 3038 1143 3072 rr.
1155 3026 1196 3072 tr.

303 3096 418 3159 Myrino,
428 3096 539 3159 Psphe!
908 3099 1025 3149 ”vtum
1043 3096 1229 3163 Leucophrynae]
1249 3096 1331 3147 Recte
1347 3096 1404 3146 leu-

336 3179 348 3213 t
375 3172 437 3228 Qus
457 3186 523 3220 noos
544 3172 690 3236 esmant]
716 3173 782 3225 Qnre
802 3174 835 3224 ed
874 3175 1004 3239 cophium.
1023 3174 1084 3238 Ejus
1093 3176 1157 3224 Deos
1167 3175 1291 3237 tempium
1299 3174 1324 3221 tn
1334 3172 1405 3237 Mog-

302 3262 373 3297 snm
384 3247 516 3311 supplices
533 3245 712 3311 confugerant.
746 3248 777 3298 in
792 3248 836 3299 iiio
875 3250 978 3298 ustibus
989 3249 1126 3313 descripsit
1136 3248 1230 3298 Strabo
1243 3247 1260 3297 l.
1273 3260 1329 3297 xrv.
1339 3247 1404 3296 Cso·

301 3326 362 3373 luen
373 3329 475 3373 tentum
486 3338 529 3371 oro
547 3322 621 3372 initio
634 3322 693 3387 tuit,
708 3326 836 3389 tempium
875 3339 928 3374 rsm
937 3326 1095 3389 cognominis
1105 3324 1136 3374 sd
1147 3324 1276 3374 tumtunm
1286 3323 1404 3389 ntiquom,

302 3407 396 3463 postes
414 3399 547 3451 conditum
565 3408 615 3461 est,
624 3418 731 3453 consessu
741 3402 835 3454 Hucu-
876 3419 934 3469 quae
946 3401 981 3453 ibi
992 3403 1108 3466 condite,
1125 3400 1222 3453 referre
1242 3416 1275 3450 ex
1292 3398 1404 3450 smotiu

302 3476 342 3526 ru.
375 3474 436 3525 tirae
447 3475 594 3540 hujusmodi
607 3478 751 3541 magnifice
764 3480 835 3541 oiim,
876 3479 969 3543 possis,
981 3480 1038 3529 Lib.
1051 3492 1090 3529 vr.
1114 3480 1122 3507 ‘
1135 3478 1166 3527 Iri
1177 3477 1317 3540 Didymen
1331 3474 1404 3525 Mile-

303 3566 352 3601 nec
362 3550 419 3601 sine
430 3552 586 3614 sorpiissimo
604 3551 700 3604 decore
718 3562 836 3605 exstruc-
875 3556 913 3605 sio
925 3555 1064 3605 Cieorhom
1077 3554 1140 3603 dicit
1156 3552 1277 3601 habuisse
1288 3564 1404 3613 supreme

302 3635 346 3679 te.
378 3626 448 3676 Vide
460 3641 547 3690 supro.
876 3630 1023 3680 Leandros:
1042 3628 1139 3678 funeris
1150 3627 1346 3692 Leucophrynae
1356 3638 1403 3673 rno-

335 3704 453 3769 ΙΙῃιὶἰαι]
478 3704 618 3753 Provincia
637 3704 706 3754 Asin
725 3705 836 3757 Minoris
874 3714 1024 3755 nomentum
1041 3704 1139 3755 intono
1157 3704 1226 3768 epod
1246 3702 1402 3766 Magnesiam

302 3780 444 3845 peniusuhe
461 3793 551 3829 versus
570 3780 744 3843 occidentem,
763 3782 835 3833 etad
863 3782 971 3831 =Disuae
991 3796 1047 3831 esse
1069 3780 1191 3845 Myndius
1219 3778 1358 3843 profitetur
1374 3790 1401 3828 oc

303 3858 428 3909 Hermum
439 3856 558 3919 flovinm5
569 3857 645 3907 hodie
657 3873 718 3921 pers
728 3858 835 3922 prefec·
876 3864 1001 3906 memorat
1013 3856 1101 3907 Zeno.¹

302 3942 368 3986 torre
388 3935 495 3985 Nototiae
511 3934 582 3985 circu
598 3932 704 3985 dorium
723 3935 835 3999 Suohot,
908 3934 943 3982 Et
963 3932 1098 3982 Clemente
1117 3933 1143 3981 io
1163 3930 1299 3995 Protrept.
1322 3930 1402 3980 ‘Hos

301 4018 330 4061 et
337 4012 487 4076 oppidulum
496 4012 596 4076 Surda,
606 4014 657 4062 dic.
665 4012 713 4064 sub
722 4012 834 4062 Turcico
875 4008 933 4058 ioco
944 4015 1136 4058 monumentum
1146 4015 1186 4057 est
1198 4006 1403 4069 Leucophrynes,

302 4087 412 4151 irnperio
425 4088 546 4139 Asiatico.
875 4083 944 4149 quod
956 4086 1089 4149 preterire
1099 4084 1202 4135 silentio
1210 4098 1261 4133 non
1273 4083 1402 4144 debemus,

335 4169 345 4193 ⁸
357 4163 464 4227 Templo]
480 4166 529 4214 Vei
540 4165 603 4230 quis
613 4163 650 4213 ibi
661 4154 787 4227 tempium
800 4164 834 4214 de
875 4168 1014 4226 sequentes
1034 4162 1165 4211 Zenonem
1185 4160 1330 4224 Myndinm,
1348 4172 1401 4221 quse

303 4239 478 4288 norostruxit
494 4240 632 4303 Hercules,
647 4240 763 4303 estquis
777 4239 835 4303 jem
874 4238 901 4287 in
924 4237 1022 4301 tempto
1042 4233 1133 4287 Dinon
1154 4235 1223 4300 apud
1243 4234 1401 4299 Magnesiam

302 4320 403 4366 structo
422 4316 520 4379 tempto
538 4314 689 4379 religionen
708 4312 834 4377 mojorem
874 4312 978 4377 sepulte
994 4310 1052 4362 est!
1084 4307 1180 4363 Veisd
1195 4311 1322 4362 Tenedon
1337 4308 1400 4359 insu·
