<?xml version="1.0" encoding="UTF-8"?>
<!DOCTYPE html PUBLIC "-//W3C//DTD XHTML 1.0 Transitional//EN"
    "http://www.w3.org/TR/xhtml1/DTD/xhtml1-transitional.dtd">
<html xmlns="http://www.w3.org/1999/xhtml" xml:lang="en" lang="en">
 <head>
  <title>
</title>
<meta http-equiv="Content-Type" content="text/html;charset=utf-8" />
  <meta name='ocr-system' content='tesseract 3.04.00' />
  <meta name='ocr-capabilities' content='ocr_page ocr_carea ocr_par ocr_line ocrx_word'/>
</head>
<body>
  <div class='ocr_page' id='page_1' title='image "./operaomnia02tacigoog_0515.png"; bbox 0 0 3159 4917; ppageno 0'>
   <div class='ocr_carea' id='block_1_1' title="bbox 183 420 1287 501">
    <p class='ocr_par' dir='ltr' id='par_1_1' title="bbox 183 420 1287 501">
     <span class='ocr_line' id='line_1_1' title="bbox 183 420 1287 501; baseline -0.013 -9"><span class='ocrx_word' id='word_1_1' title='bbox 183 434 323 501; x_wconf 67' lang='lat' dir='ltr'>uun]</span> <span class='ocrx_word' id='word_1_2' title='bbox 552 432 759 483; x_wconf 70' lang='lat' dir='ltr'>tunsurus</span> <span class='ocrx_word' id='word_1_3' title='bbox 786 434 860 483; x_wconf 80' lang='lat' dir='ltr'>urs.</span> <span class='ocrx_word' id='word_1_4' title='bbox 884 436 940 483; x_wconf 84' lang='lat' dir='ltr'>xr.</span> <span class='ocrx_word' id='word_1_5' title='bbox 1199 420 1287 487; x_wconf 75' lang='lat'>1085</span> 
     </span>
    </p>
   </div>
   <div class='ocr_carea' id='block_1_2' title="bbox 183 572 1286 1159">
    <p class='ocr_par' dir='ltr' id='par_1_2' title="bbox 183 572 1286 1159">
     <span class='ocr_line' id='line_1_2' title="bbox 186 572 1286 655; baseline 0.003 -14"><span class='ocrx_word' id='word_1_6' title='bbox 186 576 364 641; x_wconf 79' lang='lat' dir='ltr'><strong>Paternum</strong></span> <span class='ocrx_word' id='word_1_7' title='bbox 387 576 464 638; x_wconf 91' lang='lat' dir='ltr'>huic</span> <span class='ocrx_word' id='word_1_8' title='bbox 480 580 596 655; x_wconf 73' lang='lat' dir='ltr'>gonus⁰</span> <span class='ocrx_word' id='word_1_9' title='bbox 621 572 788 651; x_wconf 70' lang='lat' dir='ltr'>effluvio,</span> <span class='ocrx_word' id='word_1_10' title='bbox 812 575 911 638; x_wconf 80' lang='lat' dir='ltr'>fratre</span> <span class='ocrx_word' id='word_1_11' title='bbox 934 574 1089 653; x_wconf 83' lang='lat' dir='ltr'>Arminii,</span> <span class='ocrx_word' id='word_1_12' title='bbox 1113 584 1218 643; x_wconf 82' lang='lat' dir='ltr'>muter</span> <span class='ocrx_word' id='word_1_13' title='bbox 1241 598 1286 644; x_wconf 83' lang='lat' dir='ltr'>ex</span> 
     </span>
     <span class='ocr_line' id='line_1_3' title="bbox 186 673 1286 759; baseline -0.001 -17"><span class='ocrx_word' id='word_1_14' title='bbox 186 676 426 754; x_wconf 80' lang='lat' dir='ltr'>Cattumero,²‘¹</span> <span class='ocrx_word' id='word_1_15' title='bbox 450 676 606 755; x_wconf 83' lang='lat' dir='ltr'>Principe</span> <span class='ocrx_word' id='word_1_16' title='bbox 622 673 804 738; x_wconf 77' lang='lat' dir='ltr'>Cnttorum‘</span> <span class='ocrx_word' id='word_1_17' title='bbox 818 682 906 740; x_wconf 82' lang='lat' dir='ltr'>erat:</span> <span class='ocrx_word' id='word_1_18' title='bbox 927 676 1000 759; x_wconf 89' lang='lat' dir='ltr'>ipse</span> <span class='ocrx_word' id='word_1_19' title='bbox 1013 678 1120 740; x_wconf 82' lang='lat' dir='ltr'>formu</span> <span class='ocrx_word' id='word_1_20' title='bbox 1133 677 1286 756; x_wconf 86' lang='lat' dir='ltr'>decorus,</span> 
     </span>
     <span class='ocr_line' id='line_1_4' title="bbox 184 778 1286 861; baseline 0.002 -20"><span class='ocrx_word' id='word_1_21' title='bbox 184 784 219 842; x_wconf 87' lang='lat' dir='ltr'>et</span> <span class='ocrx_word' id='word_1_22' title='bbox 232 779 332 843; x_wconf 81' lang='lat' dir='ltr'>armis</span> <span class='ocrx_word' id='word_1_23' title='bbox 345 780 519 861; x_wconf 86' lang='lat' dir='ltr'>equisque,</span> <span class='ocrx_word' id='word_1_24' title='bbox 542 778 577 839; x_wconf 93' lang='lat' dir='ltr'>in</span> <span class='ocrx_word' id='word_1_25' title='bbox 603 778 746 859; x_wconf 85' lang='lat' dir='ltr'>patrium</span> <span class='ocrx_word' id='word_1_26' title='bbox 769 784 983 861; x_wconf 84' lang='lat' dir='ltr'>nostrumque</span> <span class='ocrx_word' id='word_1_27' title='bbox 997 798 1133 855; x_wconf 87' lang='lat' dir='ltr'>morem,</span> <span class='ocrx_word' id='word_1_28' title='bbox 1159 781 1286 843; x_wconf 86' lang='lat' dir='ltr'>exerci-</span> 
     </span>
     <span class='ocr_line' id='line_1_5' title="bbox 185 876 1285 961; baseline -0.003 -16"><span class='ocrx_word' id='word_1_29' title='bbox 185 886 251 945; x_wconf 86' lang='lat' dir='ltr'>tus.</span> <span class='ocrx_word' id='word_1_30' title='bbox 296 879 402 961; x_wconf 85' lang='lat' dir='ltr'>Igitur</span> <span class='ocrx_word' id='word_1_31' title='bbox 427 877 544 941; x_wconf 82' lang='lat' dir='ltr'>Gaesur</span> <span class='ocrx_word' id='word_1_32' title='bbox 568 880 703 940; x_wconf 77' lang='lat' dir='ltr'>arictum</span> <span class='ocrx_word' id='word_1_33' title='bbox 728 876 884 960; x_wconf 76' lang='lat' dir='ltr'>pecunie,</span> <span class='ocrx_word' id='word_1_34' title='bbox 909 878 1031 942; x_wconf 86' lang='lat' dir='ltr'>additis</span> <span class='ocrx_word' id='word_1_35' title='bbox 1056 879 1285 961; x_wconf 82' lang='lat' dir='ltr'>stipatoribus,</span> 
     </span>
     <span class='ocr_line' id='line_1_6' title="bbox 184 978 1286 1062; baseline 0 -19"><span class='ocrx_word' id='word_1_36' title='bbox 184 981 330 1044; x_wconf 79' lang='lat' dir='ltr'>bortatur</span> <span class='ocrx_word' id='word_1_37' title='bbox 343 985 353 1015; x_wconf 87' lang='lat'>‘</span> <span class='ocrx_word' id='word_1_38' title='bbox 366 980 483 1061; x_wconf 80' lang='lat' dir='ltr'>gentile</span> <span class='ocrx_word' id='word_1_39' title='bbox 498 978 599 1042; x_wconf 90' lang='lat' dir='ltr'>decus</span> <span class='ocrx_word' id='word_1_40' title='bbox 614 994 733 1059; x_wconf 82' lang='lat' dir='ltr'>magno</span> <span class='ocrx_word' id='word_1_41' title='bbox 748 978 860 1041; x_wconf 79' lang='lat' dir='ltr'>auimo</span> <span class='ocrx_word' id='word_1_42' title='bbox 874 997 1059 1061; x_wconf 77' lang='lat' dir='ltr'>capessere.</span> <span class='ocrx_word' id='word_1_43' title='bbox 1105 978 1203 1043; x_wconf 89' lang='lat' dir='ltr'>Illum</span> <span class='ocrx_word' id='word_1_44' title='bbox 1216 979 1286 1062; x_wconf 91' lang='lat' dir='ltr'>pri-</span> 
     </span>
     <span class='ocr_line' id='line_1_7' title="bbox 183 1075 1283 1159; baseline -0.002 -14"><span class='ocrx_word' id='word_1_45' title='bbox 183 1100 285 1159; x_wconf 91' lang='lat' dir='ltr'>mum,</span> <span class='ocrx_word' id='word_1_46' title='bbox 302 1080 422 1145; x_wconf 81' lang='lat' dir='ltr'>Romae</span> <span class='ocrx_word' id='word_1_47' title='bbox 437 1075 567 1156; x_wconf 76' lang='lat' dir='ltr'>ortrnn,‘</span> <span class='ocrx_word' id='word_1_48' title='bbox 577 1096 638 1141; x_wconf 89' lang='lat' dir='ltr'>nec</span> <span class='ocrx_word' id='word_1_49' title='bbox 654 1078 832 1155; x_wconf 80' lang='lat' dir='ltr'>obsidem,⁸</span> <span class='ocrx_word' id='word_1_50' title='bbox 845 1080 903 1144; x_wconf 88' lang='lat' dir='ltr'>sed</span> <span class='ocrx_word' id='word_1_51' title='bbox 914 1081 1034 1157; x_wconf 89' lang='lat' dir='ltr'>civem,</span> <span class='ocrx_word' id='word_1_52' title='bbox 1049 1080 1098 1143; x_wconf 86' lang='lat' dir='ltr'>irc</span> <span class='ocrx_word' id='word_1_53' title='bbox 1110 1084 1283 1143; x_wconf 82' lang='lat' dir='ltr'>externum</span> 
     </span>
    </p>
   </div>
   <div class='ocr_carea' id='block_1_3' title="bbox 183 1244 1287 1564">
    <p class='ocr_par' dir='ltr' id='par_1_3' title="bbox 183 1244 1287 1564">
     <span class='ocr_line' id='line_1_8' title="bbox 183 1244 1287 1321; baseline 0.001 -26"><span class='ocrx_word' id='word_1_54' title='bbox 183 1246 291 1307; x_wconf 74' lang='lat' dir='ltr'>degebat.</span> <span class='ocrx_word' id='word_1_55' title='bbox 326 1245 392 1295; x_wconf 81' lang='lat' dir='ltr'>Huic</span> <span class='ocrx_word' id='word_1_56' title='bbox 400 1250 501 1321; x_wconf 76' lang='lat' dir='ltr'>peteme</span> <span class='ocrx_word' id='word_1_57' title='bbox 511 1245 577 1305; x_wconf 79' lang='lat' dir='ltr'>origo</span> <span class='ocrx_word' id='word_1_58' title='bbox 595 1260 626 1293; x_wconf 77' lang='lat' dir='ltr'>ec</span> <span class='ocrx_word' id='word_1_59' title='bbox 639 1244 807 1303; x_wconf 78' lang='lat' dir='ltr'>Fluviosrutre</span> <span class='ocrx_word' id='word_1_60' title='bbox 817 1246 924 1295; x_wconf 68' lang='lat' dir='ltr'>Arminii</span> <span class='ocrx_word' id='word_1_61' title='bbox 931 1262 941 1303; x_wconf 82' lang='lat'>,¹</span> <span class='ocrx_word' id='word_1_62' title='bbox 955 1253 1033 1295; x_wconf 74' lang='lat' dir='ltr'>nster</span> <span class='ocrx_word' id='word_1_63' title='bbox 1042 1244 1111 1296; x_wconf 84' lang='lat' dir='ltr'>iiiios</span> <span class='ocrx_word' id='word_1_64' title='bbox 1122 1254 1180 1296; x_wconf 87' lang='lat' dir='ltr'>oris</span> <span class='ocrx_word' id='word_1_65' title='bbox 1195 1252 1246 1296; x_wconf 79' lang='lat' dir='ltr'>erut</span> <span class='ocrx_word' id='word_1_66' title='bbox 1256 1262 1287 1295; x_wconf 76' lang='lat' dir='ltr'>es</span> 
     </span>
     <span class='ocr_line' id='line_1_9' title="bbox 186 1307 1286 1373; baseline 0 -14"><span class='ocrx_word' id='word_1_67' title='bbox 186 1312 311 1359; x_wconf 67' lang='lat' dir='ltr'>edmero</span> <span class='ocrx_word' id='word_1_68' title='bbox 327 1311 434 1373; x_wconf 71' lang='lat' dir='ltr'>princepe</span> <span class='ocrx_word' id='word_1_69' title='bbox 452 1312 586 1357; x_wconf 70' lang='lat' dir='ltr'>Cotton-um.</span> <span class='ocrx_word' id='word_1_70' title='bbox 619 1307 673 1371; x_wconf 85' lang='lat' dir='ltr'>Ipse</span> <span class='ocrx_word' id='word_1_71' title='bbox 686 1308 767 1357; x_wconf 84' lang='lat' dir='ltr'>itslns</span> <span class='ocrx_word' id='word_1_72' title='bbox 783 1310 859 1371; x_wconf 83' lang='lat' dir='ltr'>specie</span> <span class='ocrx_word' id='word_1_73' title='bbox 869 1310 980 1371; x_wconf 65' lang='lat' dir='ltr'>inngniu</span> <span class='ocrx_word' id='word_1_74' title='bbox 991 1315 1015 1357; x_wconf 83' lang='lat' dir='ltr'>et</span> <span class='ocrx_word' id='word_1_75' title='bbox 1025 1312 1100 1359; x_wconf 72' lang='lat' dir='ltr'>erreis</span> <span class='ocrx_word' id='word_1_76' title='bbox 1108 1316 1131 1359; x_wconf 82' lang='lat' dir='ltr'>et</span> <span class='ocrx_word' id='word_1_77' title='bbox 1141 1311 1206 1373; x_wconf 73' lang='lat' dir='ltr'>equis</span> <span class='ocrx_word' id='word_1_78' title='bbox 1216 1310 1286 1359; x_wconf 75' lang='lat' dir='ltr'>iesti-</span> 
     </span>
     <span class='ocr_line' id='line_1_10' title="bbox 183 1372 1287 1437; baseline 0.001 -15"><span class='ocrx_word' id='word_1_79' title='bbox 183 1378 250 1422; x_wconf 82' lang='lat' dir='ltr'>trrtss</span> <span class='ocrx_word' id='word_1_80' title='bbox 257 1388 318 1422; x_wconf 76' lang='lat' dir='ltr'>ruore</span> <span class='ocrx_word' id='word_1_81' title='bbox 329 1375 447 1422; x_wconf 73' lang='lat' dir='ltr'>Genuum</span> <span class='ocrx_word' id='word_1_82' title='bbox 461 1373 617 1435; x_wconf 67' lang='lat' dir='ltr'>usumque.</span> <span class='ocrx_word' id='word_1_83' title='bbox 653 1372 738 1433; x_wconf 80' lang='lat' dir='ltr'>itaque</span> <span class='ocrx_word' id='word_1_84' title='bbox 750 1374 867 1421; x_wconf 75' lang='lat' dir='ltr'>cluentes</span> <span class='ocrx_word' id='word_1_85' title='bbox 882 1378 991 1423; x_wconf 72' lang='lat' dir='ltr'>mnus</span> <span class='ocrx_word' id='word_1_86' title='bbox 1000 1388 1060 1423; x_wconf 88' lang='lat' dir='ltr'>enm</span> <span class='ocrx_word' id='word_1_87' title='bbox 1077 1374 1168 1437; x_wconf 74' lang='lat' dir='ltr'>opibus,</span> <span class='ocrx_word' id='word_1_88' title='bbox 1177 1375 1287 1434; x_wconf 53' lang='lat' dir='ltr'>wetti*</span> 
     </span>
     <span class='ocr_line' id='line_1_11' title="bbox 183 1436 1286 1502; baseline 0 -17"><span class='ocrx_word' id='word_1_89' title='bbox 183 1452 227 1501; x_wconf 74' lang='lat' dir='ltr'>pse</span> <span class='ocrx_word' id='word_1_90' title='bbox 238 1436 377 1497; x_wconf 61' lang='lat' dir='ltr'>auditu,</span> <span class='ocrx_word' id='word_1_91' title='bbox 394 1442 480 1497; x_wconf 77' lang='lat' dir='ltr'>met,</span> <span class='ocrx_word' id='word_1_92' title='bbox 497 1444 526 1483; x_wconf 91' lang='lat' dir='ltr'>ut</span> <span class='ocrx_word' id='word_1_93' title='bbox 537 1442 670 1497; x_wconf 81' lang='lat' dir='ltr'>putcrusrn</span> <span class='ocrx_word' id='word_1_94' title='bbox 693 1436 799 1498; x_wconf 73' lang='lat' dir='ltr'>glorium</span> <span class='ocrx_word' id='word_1_95' title='bbox 820 1436 1003 1502; x_wconf 67' lang='lat' dir='ltr'>fastigiumque</span> <span class='ocrx_word' id='word_1_96' title='bbox 1015 1438 1112 1486; x_wconf 85' lang='lat' dir='ltr'>svitum</span> <span class='ocrx_word' id='word_1_97' title='bbox 1128 1452 1222 1501; x_wconf 72' lang='lat' dir='ltr'>mogus</span> <span class='ocrx_word' id='word_1_98' title='bbox 1234 1438 1286 1486; x_wconf 83' lang='lat' dir='ltr'>rir-</span> 
     </span>
     <span class='ocr_line' id='line_1_12' title="bbox 183 1499 1284 1564; baseline 0 -15"><span class='ocrx_word' id='word_1_99' title='bbox 183 1506 241 1550; x_wconf 84' lang='lat' dir='ltr'>tute</span> <span class='ocrx_word' id='word_1_100' title='bbox 252 1501 386 1564; x_wconf 83' lang='lat' dir='ltr'>suscipiet.</span> <span class='ocrx_word' id='word_1_101' title='bbox 420 1500 496 1548; x_wconf 86' lang='lat' dir='ltr'>liiunr</span> <span class='ocrx_word' id='word_1_102' title='bbox 514 1500 624 1562; x_wconf 87' lang='lat' dir='ltr'>primum</span> <span class='ocrx_word' id='word_1_103' title='bbox 634 1499 660 1547; x_wconf 91' lang='lat' dir='ltr'>in</span> <span class='ocrx_word' id='word_1_104' title='bbox 673 1499 746 1548; x_wconf 85' lang='lat' dir='ltr'>Urbe</span> <span class='ocrx_word' id='word_1_105' title='bbox 758 1506 857 1564; x_wconf 79' lang='lat' dir='ltr'>nutum,</span> <span class='ocrx_word' id='word_1_106' title='bbox 865 1516 914 1551; x_wconf 89' lang='lat' dir='ltr'>nec</span> <span class='ocrx_word' id='word_1_107' title='bbox 926 1501 1025 1551; x_wconf 83' lang='lat' dir='ltr'>obsidio</span> <span class='ocrx_word' id='word_1_108' title='bbox 1034 1502 1132 1563; x_wconf 83' lang='lat' dir='ltr'>(istum,</span> <span class='ocrx_word' id='word_1_109' title='bbox 1143 1501 1189 1550; x_wconf 87' lang='lat' dir='ltr'>sed</span> <span class='ocrx_word' id='word_1_110' title='bbox 1200 1502 1284 1551; x_wconf 87' lang='lat' dir='ltr'>civem</span> 
     </span>
    </p>
   </div>
   <div class='ocr_carea' id='block_1_4' title="bbox 644 1622 822 1643">
    <p class='ocr_par' dir='ltr' id='par_1_4' title="bbox 644 1622 822 1643">
     <span class='ocr_line' id='line_1_13' title="bbox 644 1622 822 1643; baseline 0.011 -2"><span class='ocrx_word' id='word_1_111' title='bbox 644 1622 822 1643; x_wconf 69' lang='lat' dir='ltr'>nonomen</span> 
     </span>
    </p>
   </div>
   <div class='ocr_carea' id='block_1_5' title="bbox 183 1661 1286 1766">
    <p class='ocr_par' dir='ltr' id='par_1_5' title="bbox 183 1661 1286 1766">
     <span class='ocr_line' id='line_1_14' title="bbox 183 1661 1286 1766; baseline 0.002 -15"><span class='ocrx_word' id='word_1_112' title='bbox 183 1700 268 1751; x_wconf 77' lang='lat' dir='ltr'>italus.</span> <span class='ocrx_word' id='word_1_113' title='bbox 302 1700 353 1749; x_wconf 87' lang='lat' dir='ltr'>Sed</span> <span class='ocrx_word' id='word_1_114' title='bbox 370 1706 460 1764; x_wconf 82' lang='lat' dir='ltr'>postes</span> <span class='ocrx_word' id='word_1_115' title='bbox 480 1698 587 1749; x_wconf 80' lang='lat' dir='ltr'>ituiicus.</span> <span class='ocrx_word' id='word_1_116' title='bbox 614 1697 724 1749; x_wconf 77' lang='lat' dir='ltr'>Erotier.</span> <span class='ocrx_word' id='word_1_117' title='bbox 758 1698 907 1751; x_wconf 82' lang='lat' dir='ltr'>Gronovius</span> <span class='ocrx_word' id='word_1_118' title='bbox 923 1703 1003 1752; x_wconf 83' lang='lat' dir='ltr'>hebet</span> <span class='ocrx_word' id='word_1_119' title='bbox 1020 1703 1104 1766; x_wconf 66' lang='grc' dir='ltr'>Μαι,</span> <span class='ocrx_word' id='word_1_120' title='bbox 1122 1707 1151 1753; x_wconf 89' lang='lat' dir='ltr'>et</span> <span class='ocrx_word' id='word_1_121' title='bbox 1160 1701 1239 1762; x_wconf 77' lang='lat' dir='ltr'>stibi3</span> <span class='ocrx_word' id='word_1_122' title='bbox 1257 1661 1286 1753; x_wconf 75' lang='lat' dir='ltr'>et</span> 
     </span>
    </p>
   </div>
   <div class='ocr_carea' id='block_1_6' title="bbox 181 1762 1285 1891">
    <p class='ocr_par' dir='ltr' id='par_1_6' title="bbox 181 1762 1285 1891">
     <span class='ocr_line' id='line_1_15' title="bbox 182 1762 1284 1829; baseline 0.002 -16"><span class='ocrx_word' id='word_1_123' title='bbox 182 1766 219 1814; x_wconf 91' lang='lat' dir='ltr'>sic</span> <span class='ocrx_word' id='word_1_124' title='bbox 232 1765 362 1829; x_wconf 75' lang='lat' dir='ltr'>Ryckius:</span> <span class='ocrx_word' id='word_1_125' title='bbox 380 1764 426 1813; x_wconf 88' lang='lat' dir='ltr'>scd</span> <span class='ocrx_word' id='word_1_126' title='bbox 438 1765 464 1811; x_wconf 90' lang='lat' dir='ltr'>iu</span> <span class='ocrx_word' id='word_1_127' title='bbox 476 1763 591 1825; x_wconf 73' lang='lat' dir='ltr'>margine</span> <span class='ocrx_word' id='word_1_128' title='bbox 601 1762 758 1812; x_wconf 65' lang='lat' dir='ltr'>irritem-u</span> <span class='ocrx_word' id='word_1_129' title='bbox 775 1763 818 1813; x_wconf 83' lang='lat' dir='ltr'>Ite</span> <span class='ocrx_word' id='word_1_130' title='bbox 829 1764 988 1815; x_wconf 75' lang='lat' dir='ltr'>Puteolanus</span> <span class='ocrx_word' id='word_1_131' title='bbox 1006 1776 1032 1816; x_wconf 91' lang='lat' dir='ltr'>et</span> <span class='ocrx_word' id='word_1_132' title='bbox 1051 1768 1217 1816; x_wconf 82' lang='lat' dir='ltr'>recentiores.</span> <span class='ocrx_word' id='word_1_133' title='bbox 1250 1766 1284 1815; x_wconf 87' lang='lat' dir='ltr'>ln</span> 
     </span>
     <span class='ocr_line' id='line_1_16' title="bbox 181 1826 1285 1891; baseline -0.001 -11"><span class='ocrx_word' id='word_1_134' title='bbox 181 1828 295 1880; x_wconf 81' lang='lat' dir='ltr'>editione</span> <span class='ocrx_word' id='word_1_135' title='bbox 314 1828 441 1891; x_wconf 87' lang='lat' dir='ltr'>principe,</span> <span class='ocrx_word' id='word_1_136' title='bbox 456 1828 593 1877; x_wconf 65' lang='lat' dir='ltr'>Actumero.</span> <span class='ocrx_word' id='word_1_137' title='bbox 627 1827 679 1877; x_wconf 82' lang='lat' dir='ltr'>bis.</span> <span class='ocrx_word' id='word_1_138' title='bbox 692 1826 768 1877; x_wconf 76' lang='lat' dir='ltr'>bodl.</span> <span class='ocrx_word' id='word_1_139' title='bbox 787 1830 935 1879; x_wconf 75' lang='lat' dir='ltr'>Uectem.</span> <span class='ocrx_word' id='word_1_140' title='bbox 969 1831 1021 1881; x_wconf 84' lang='lat' dir='ltr'>bis.</span> <span class='ocrx_word' id='word_1_141' title='bbox 1040 1830 1096 1881; x_wconf 84' lang='lat' dir='ltr'>Jes.</span> <span class='ocrx_word' id='word_1_142' title='bbox 1116 1832 1285 1881; x_wconf 74' lang='lat' dir='ltr'>Cursorem.-</span> 
     </span>
    </p>
   </div>
   <div class='ocr_carea' id='block_1_7' title="bbox 677 1958 787 2009">
    <p class='ocr_par' dir='ltr' id='par_1_7' title="bbox 677 1958 787 2009">
     <span class='ocr_line' id='line_1_17' title="bbox 677 1958 787 2009; baseline 0.009 -1"><span class='ocrx_word' id='word_1_143' title='bbox 677 1958 787 2009; x_wconf 80' lang='lat' dir='ltr'>NOTAE</span> 
     </span>
    </p>
   </div>
   <div class='ocr_carea' id='block_1_8' title="bbox 120 2052 1324 4228">
    <p class='ocr_par' dir='ltr' id='par_1_8' title="bbox 120 2052 1324 4228">
     <span class='ocr_line' id='line_1_18' title="bbox 181 2052 1154 2122; baseline 0.001 -17"><span class='ocrx_word' id='word_1_144' title='bbox 181 2053 287 2105; x_wconf 83' lang='lat' dir='ltr'>Tscitus</span> <span class='ocrx_word' id='word_1_145' title='bbox 304 2052 385 2117; x_wconf 84' lang='lat' dir='ltr'>stirpe</span> <span class='ocrx_word' id='word_1_146' title='bbox 397 2052 468 2115; x_wconf 76' lang='lat' dir='ltr'>regis</span> <span class='ocrx_word' id='word_1_147' title='bbox 486 2058 572 2111; x_wconf 78' lang='lat' dir='ltr'>ortos3</span> <span class='ocrx_word' id='word_1_148' title='bbox 588 2052 627 2101; x_wconf 87' lang='lat' dir='ltr'>sic</span> <span class='ocrx_word' id='word_1_149' title='bbox 649 2053 713 2103; x_wconf 86' lang='lat' dir='ltr'>elibi</span> <span class='ocrx_word' id='word_1_150' title='bbox 752 2055 788 2104; x_wconf 89' lang='lat' dir='ltr'>ibi</span> <span class='ocrx_word' id='word_1_151' title='bbox 799 2065 950 2122; x_wconf 79' lang='lat' dir='ltr'>surreperet</span> <span class='ocrx_word' id='word_1_152' title='bbox 961 2057 1039 2109; x_wconf 85' lang='lat' dir='ltr'>titium</span> <span class='ocrx_word' id='word_1_153' title='bbox 1049 2057 1154 2109; x_wconf 82' lang='lat' dir='ltr'>Itelum.</span> 
     </span>
     <span class='ocr_line' id='line_1_19' title="bbox 180 2128 1285 2197; baseline -0.001 -13"><span class='ocrx_word' id='word_1_154' title='bbox 180 2130 304 2195; x_wconf 63' lang='lat' dir='ltr'>tigranes</span> <span class='ocrx_word' id='word_1_155' title='bbox 315 2128 409 2177; x_wconf 75' lang='lat' dir='ltr'>dicitur</span> <span class='ocrx_word' id='word_1_156' title='bbox 427 2128 590 2191; x_wconf 60' lang='lat' dir='ltr'>cmm</span> <span class='ocrx_word' id='word_1_157' title='bbox 600 2140 631 2175; x_wconf 64' lang='grc' dir='ltr'>επ</span> <span class='ocrx_word' id='word_1_158' title='bbox 647 2128 712 2175; x_wconf 71' lang='lat' dir='ltr'>nobi·</span> <span class='ocrx_word' id='word_1_159' title='bbox 782 2132 857 2181; x_wconf 80' lang='lat' dir='ltr'>&#39;i&#39;nles</span> <span class='ocrx_word' id='word_1_160' title='bbox 880 2134 1010 2197; x_wconf 86' lang='lat' dir='ltr'>principes</span> <span class='ocrx_word' id='word_1_161' title='bbox 1032 2134 1158 2183; x_wconf 80' lang='lat' dir='ltr'>sociorum</span> <span class='ocrx_word' id='word_1_162' title='bbox 1178 2132 1285 2183; x_wconf 81' lang='lat' dir='ltr'>civitete</span> 
     </span>
     <span class='ocr_line' id='line_1_20' title="bbox 181 2202 1324 2271; baseline -0.008 -15"><span class='ocrx_word' id='word_1_163' title='bbox 181 2206 259 2269; x_wconf 78' lang='lat' dir='ltr'>litate,</span> <span class='ocrx_word' id='word_1_164' title='bbox 270 2204 337 2271; x_wconf 85' lang='lat' dir='ltr'>quod</span> <span class='ocrx_word' id='word_1_165' title='bbox 349 2203 417 2254; x_wconf 81' lang='lat' dir='ltr'>idem</span> <span class='ocrx_word' id='word_1_166' title='bbox 429 2208 479 2263; x_wconf 87' lang='lat' dir='ltr'>est,</span> <span class='ocrx_word' id='word_1_167' title='bbox 490 2216 520 2251; x_wconf 83' lang='lat' dir='ltr'>sc</span> <span class='ocrx_word' id='word_1_168' title='bbox 532 2202 612 2264; x_wconf 89' lang='lat' dir='ltr'>stirpe</span> <span class='ocrx_word' id='word_1_169' title='bbox 621 2214 710 2263; x_wconf 76' lang='lat' dir='ltr'>regum</span> <span class='ocrx_word' id='word_1_170' title='bbox 750 2202 893 2267; x_wconf 68' lang='lat' dir='ltr'>donabunt,</span> <span class='ocrx_word' id='word_1_171' title='bbox 904 2214 931 2255; x_wconf 89' lang='lat' dir='ltr'>et</span> <span class='ocrx_word' id='word_1_172' title='bbox 942 2210 1054 2271; x_wconf 80' lang='lat' dir='ltr'>equestri</span> <span class='ocrx_word' id='word_1_173' title='bbox 1071 2208 1157 2258; x_wconf 84' lang='lat' dir='ltr'>ordini</span> <span class='ocrx_word' id='word_1_174' title='bbox 1172 2208 1286 2257; x_wconf 72' lang='lat' dir='ltr'>ascribe-</span> <span class='ocrx_word' id='word_1_175' title='bbox 1317 2238 1324 2248; x_wconf 80' lang='grc'>,</span> 
     </span>
     <span class='ocr_line' id='line_1_21' title="bbox 182 2276 1286 2346; baseline -0.002 -13"><span class='ocrx_word' id='word_1_176' title='bbox 182 2280 354 2346; x_wconf 81' lang='lat' dir='ltr'>Ceppudocire</span> <span class='ocrx_word' id='word_1_177' title='bbox 367 2276 498 2327; x_wconf 86' lang='lat' dir='ltr'>oriundus.</span> <span class='ocrx_word' id='word_1_178' title='bbox 752 2276 824 2326; x_wconf 78' lang='lat' dir='ltr'>bunt.</span> <span class='ocrx_word' id='word_1_179' title='bbox 858 2278 1076 2342; x_wconf 76' lang='lat' dir='ltr'>immoproetoris</span> <span class='ocrx_word' id='word_1_180' title='bbox 1093 2292 1122 2331; x_wconf 84' lang='lat' dir='ltr'>et</span> <span class='ocrx_word' id='word_1_181' title='bbox 1140 2282 1286 2334; x_wconf 81' lang='lat' dir='ltr'>comulsris</span> 
     </span>
     <span class='ocr_line' id='line_1_22' title="bbox 213 2347 1287 2420; baseline 0.002 -15"><span class='ocrx_word' id='word_1_182' title='bbox 213 2364 224 2389; x_wconf 73' lang='lat'><strong><em>⁶</em></strong></span> <span class='ocrx_word' id='word_1_183' title='bbox 252 2356 383 2405; x_wconf 78' lang='lat' dir='ltr'>Putemus</span> <span class='ocrx_word' id='word_1_184' title='bbox 404 2352 459 2399; x_wconf 70' lang='lat' dir='ltr'>teir</span> <span class='ocrx_word' id='word_1_185' title='bbox 473 2347 560 2411; x_wconf 73' lang='lat' dir='ltr'>genes]</span> <span class='ocrx_word' id='word_1_186' title='bbox 592 2348 713 2410; x_wconf 77' lang='lat' dir='ltr'>Verrunt,</span> <span class='ocrx_word' id='word_1_187' title='bbox 751 2351 849 2400; x_wconf 82' lang='lat' dir='ltr'>decore</span> <span class='ocrx_word' id='word_1_188' title='bbox 860 2352 1011 2402; x_wconf 75' lang='lat' dir='ltr'>tribuebant</span> <span class='ocrx_word' id='word_1_189' title='bbox 1022 2356 1176 2418; x_wconf 80' lang='lat' dir='ltr'>qusndoque</span> <span class='ocrx_word' id='word_1_190' title='bbox 1187 2357 1287 2420; x_wconf 82' lang='lat' dir='ltr'>etipsls</span> 
     </span>
     <span class='ocr_line' id='line_1_23' title="bbox 181 2423 1265 2489; baseline -0.001 -8"><span class='ocrx_word' id='word_1_191' title='bbox 181 2430 260 2481; x_wconf 84' lang='lat' dir='ltr'>fuisse</span> <span class='ocrx_word' id='word_1_192' title='bbox 274 2428 355 2479; x_wconf 83' lang='lat' dir='ltr'>fitium</span> <span class='ocrx_word' id='word_1_193' title='bbox 367 2426 459 2487; x_wconf 78' lang='lat' dir='ltr'>Fisvii,</span> <span class='ocrx_word' id='word_1_194' title='bbox 478 2424 545 2489; x_wconf 85' lang='lat' dir='ltr'>quod</span> <span class='ocrx_word' id='word_1_195' title='bbox 565 2438 616 2473; x_wconf 89' lang='lat' dir='ltr'>non</span> <span class='ocrx_word' id='word_1_196' title='bbox 634 2423 712 2486; x_wconf 81' lang='lat' dir='ltr'>piane</span> <span class='ocrx_word' id='word_1_197' title='bbox 737 2425 854 2489; x_wconf 72' lang='lat' dir='ltr'>&#39;regibus</span> <span class='ocrx_word' id='word_1_198' title='bbox 865 2427 990 2487; x_wconf 83' lang='lat' dir='ltr'>externis,</span> <span class='ocrx_word' id='word_1_199' title='bbox 1001 2427 1047 2476; x_wconf 81' lang='lat' dir='ltr'>sed</span> <span class='ocrx_word' id='word_1_200' title='bbox 1058 2428 1265 2480; x_wconf 81' lang='lat' dir='ltr'>inservientibus.</span> 
     </span>
     <span class='ocr_line' id='line_1_24' title="bbox 181 2499 1287 2567; baseline -0.003 -10"><span class='ocrx_word' id='word_1_201' title='bbox 181 2511 285 2561; x_wconf 78' lang='lat' dir='ltr'>constet</span> <span class='ocrx_word' id='word_1_202' title='bbox 302 2520 335 2554; x_wconf 81' lang='lat' dir='ltr'>ex</span> <span class='ocrx_word' id='word_1_203' title='bbox 353 2503 402 2553; x_wconf 92' lang='lat' dir='ltr'>boc</span> <span class='ocrx_word' id='word_1_204' title='bbox 422 2504 497 2551; x_wconf 89' lang='lat' dir='ltr'>loco:</span> <span class='ocrx_word' id='word_1_205' title='bbox 525 2499 612 2563; x_wconf 88' lang='lat' dir='ltr'>potuit</span> <span class='ocrx_word' id='word_1_206' title='bbox 630 2512 711 2564; x_wconf 84' lang='lat' dir='ltr'>nepus</span> <span class='ocrx_word' id='word_1_207' title='bbox 783 2502 865 2551; x_wconf 64' lang='lat' dir='ltr'>‘Nec</span> <span class='ocrx_word' id='word_1_208' title='bbox 876 2500 990 2566; x_wconf 67' lang='lat' dir='ltr'>Mese]</span> <span class='ocrx_word' id='word_1_209' title='bbox 1006 2500 1287 2567; x_wconf 81' lang='lat' dir='ltr'>Obsidessaepespre·</span> 
     </span>
     <span class='ocr_line' id='line_1_25' title="bbox 180 2576 1284 2641; baseline 0.006 -19"><span class='ocrx_word' id='word_1_210' title='bbox 180 2598 245 2635; x_wconf 62' lang='lat' dir='ltr'>m,</span> <span class='ocrx_word' id='word_1_211' title='bbox 750 2576 771 2625; x_wconf 91' lang='lat' dir='ltr'>ti</span> <span class='ocrx_word' id='word_1_212' title='bbox 782 2578 852 2641; x_wconf 80' lang='lat' dir='ltr'>spurt</span> <span class='ocrx_word' id='word_1_213' title='bbox 862 2578 989 2637; x_wconf 78' lang='lat' dir='ltr'>Tecitum,</span> <span class='ocrx_word' id='word_1_214' title='bbox 1003 2576 1075 2641; x_wconf 81' lang='lat' dir='ltr'>qussi</span> <span class='ocrx_word' id='word_1_215' title='bbox 1085 2576 1193 2639; x_wconf 86' lang='lat' dir='ltr'>eeptivi,</span> <span class='ocrx_word' id='word_1_216' title='bbox 1209 2579 1284 2629; x_wconf 86' lang='lat' dir='ltr'>vetut</span> 
     </span>
     <span class='ocr_line' id='line_1_26' title="bbox 212 2648 1284 2724; baseline -0.007 -12"><span class='ocrx_word' id='word_1_217' title='bbox 212 2662 250 2712; x_wconf 94' lang='lat' dir='ltr'>Ut</span> <span class='ocrx_word' id='word_1_218' title='bbox 258 2666 287 2712; x_wconf 89' lang='lat' dir='ltr'>ut</span> <span class='ocrx_word' id='word_1_219' title='bbox 297 2660 340 2724; x_wconf 84' lang='lat' dir='ltr'>sit,</span> <span class='ocrx_word' id='word_1_220' title='bbox 351 2662 440 2721; x_wconf 76' lang='lat' dir='ltr'>gratus</span> <span class='ocrx_word' id='word_1_221' title='bbox 446 2652 497 2702; x_wconf 84' lang='lat' dir='ltr'>fuit</span> <span class='ocrx_word' id='word_1_222' title='bbox 503 2648 623 2701; x_wconf 71' lang='lat' dir='ltr'>Romanis</span> <span class='ocrx_word' id='word_1_223' title='bbox 633 2663 710 2712; x_wconf 92' lang='lat' dir='ltr'>prop·</span> <span class='ocrx_word' id='word_1_224' title='bbox 750 2651 913 2716; x_wconf 79' lang='lat' dir='ltr'>inservirent,</span> <span class='ocrx_word' id='word_1_225' title='bbox 930 2660 1031 2701; x_wconf 81' lang='lat' dir='ltr'>eivers</span> <span class='ocrx_word' id='word_1_226' title='bbox 1047 2652 1177 2715; x_wconf 85' lang='lat' dir='ltr'>mencipis</span> <span class='ocrx_word' id='word_1_227' title='bbox 1193 2660 1284 2704; x_wconf 76' lang='lat' dir='ltr'>snent</span> 
     </span>
     <span class='ocr_line' id='line_1_27' title="bbox 180 2725 1283 2797; baseline -0.008 -8"><span class='ocrx_word' id='word_1_228' title='bbox 180 2743 222 2789; x_wconf 89' lang='lat' dir='ltr'>ier</span> <span class='ocrx_word' id='word_1_229' title='bbox 233 2735 358 2795; x_wconf 80' lang='lat' dir='ltr'>Fluvium,</span> <span class='ocrx_word' id='word_1_230' title='bbox 371 2731 416 2797; x_wconf 82' lang='lat' dir='ltr'>qui</span> <span class='ocrx_word' id='word_1_231' title='bbox 429 2742 529 2793; x_wconf 86' lang='lat' dir='ltr'>semper</span> <span class='ocrx_word' id='word_1_232' title='bbox 541 2725 608 2776; x_wconf 78' lang='lat' dir='ltr'>fitius</span> <span class='ocrx_word' id='word_1_233' title='bbox 617 2726 710 2774; x_wconf 81' lang='lat' dir='ltr'>Rome·</span> <span class='ocrx_word' id='word_1_234' title='bbox 750 2729 877 2787; x_wconf 74' lang='lat' dir='ltr'>Cressris3</span> <span class='ocrx_word' id='word_1_235' title='bbox 888 2728 959 2792; x_wconf 79' lang='lat' dir='ltr'>qussi</span> <span class='ocrx_word' id='word_1_236' title='bbox 970 2729 1047 2778; x_wconf 80' lang='lat' dir='ltr'>etism</span> <span class='ocrx_word' id='word_1_237' title='bbox 1059 2728 1175 2792; x_wconf 84' lang='lat' dir='ltr'>corrupti</span> <span class='ocrx_word' id='word_1_238' title='bbox 1185 2730 1283 2793; x_wconf 86' lang='lat' dir='ltr'>stupris</span> 
     </span>
     <span class='ocr_line' id='line_1_28' title="bbox 180 2798 1171 2873; baseline -0.012 -8"><span class='ocrx_word' id='word_1_239' title='bbox 180 2814 229 2873; x_wconf 89' lang='lat' dir='ltr'>nis,</span> <span class='ocrx_word' id='word_1_240' title='bbox 256 2818 347 2862; x_wconf 83' lang='lat' dir='ltr'>contre</span> <span class='ocrx_word' id='word_1_241' title='bbox 363 2809 463 2858; x_wconf 85' lang='lat' dir='ltr'>nitente</span> <span class='ocrx_word' id='word_1_242' title='bbox 483 2802 599 2853; x_wconf 80' lang='lat' dir='ltr'>Arminio</span> <span class='ocrx_word' id='word_1_243' title='bbox 618 2798 709 2861; x_wconf 76' lang='lat' dir='ltr'>intre,</span> <span class='ocrx_word' id='word_1_244' title='bbox 749 2810 796 2852; x_wconf 85' lang='lat' dir='ltr'>eut</span> <span class='ocrx_word' id='word_1_245' title='bbox 804 2803 956 2853; x_wconf 87' lang='lat' dir='ltr'>libidinibus</span> <span class='ocrx_word' id='word_1_246' title='bbox 966 2804 1066 2853; x_wconf 83' lang='lat' dir='ltr'>Iteiicis</span> <span class='ocrx_word' id='word_1_247' title='bbox 1075 2802 1171 2853; x_wconf 84' lang='lat' dir='ltr'>forent.</span> 
     </span>
     <span class='ocr_line' id='line_1_29' title="bbox 180 2874 1283 2953; baseline -0.008 -15"><span class='ocrx_word' id='word_1_248' title='bbox 180 2902 228 2953; x_wconf 91' lang='lat' dir='ltr'>per</span> <span class='ocrx_word' id='word_1_249' title='bbox 238 2884 428 2937; x_wconf 72' lang='lat' dir='ltr'>emulationem</span> <span class='ocrx_word' id='word_1_250' title='bbox 444 2878 609 2943; x_wconf 75' lang='lat' dir='ltr'>oppidanum,</span> <span class='ocrx_word' id='word_1_251' title='bbox 628 2881 658 2925; x_wconf 91' lang='lat' dir='ltr'>ut</span> <span class='ocrx_word' id='word_1_252' title='bbox 671 2874 709 2925; x_wconf 84' lang='lat' dir='ltr'>fit.</span> <span class='ocrx_word' id='word_1_253' title='bbox 781 2879 862 2942; x_wconf 85' lang='lat' dir='ltr'>Puto,</span> <span class='ocrx_word' id='word_1_254' title='bbox 883 2879 933 2929; x_wconf 88' lang='lat' dir='ltr'>iste</span> <span class='ocrx_word' id='word_1_255' title='bbox 954 2880 1030 2928; x_wconf 77' lang='lat' dir='ltr'>ituiss</span> <span class='ocrx_word' id='word_1_256' title='bbox 1049 2878 1087 2929; x_wconf 88' lang='lat' dir='ltr'>sic</span> <span class='ocrx_word' id='word_1_257' title='bbox 1104 2879 1200 2941; x_wconf 85' lang='lat' dir='ltr'>dictus,</span> <span class='ocrx_word' id='word_1_258' title='bbox 1222 2881 1283 2945; x_wconf 84' lang='lat' dir='ltr'>quis</span> 
     </span>
     <span class='ocr_line' id='line_1_30' title="bbox 179 2952 1281 3017; baseline -0.006 -4"><span class='ocrx_word' id='word_1_259' title='bbox 179 2964 277 3014; x_wconf 73' lang='lat' dir='ltr'>Pontes</span> <span class='ocrx_word' id='word_1_260' title='bbox 287 2966 395 3010; x_wconf 78' lang='lat' dir='ltr'>vocetur</span> <span class='ocrx_word' id='word_1_261' title='bbox 406 2955 488 3006; x_wconf 76' lang='lat' dir='ltr'>Flavii</span> <span class='ocrx_word' id='word_1_262' title='bbox 500 2952 653 3017; x_wconf 74' lang='lat' dir='ltr'>progenies:</span> <span class='ocrx_word' id='word_1_263' title='bbox 671 2952 709 3000; x_wconf 89' lang='lat' dir='ltr'>ni·</span> <span class='ocrx_word' id='word_1_264' title='bbox 749 2954 776 3002; x_wconf 92' lang='lat' dir='ltr'>in</span> <span class='ocrx_word' id='word_1_265' title='bbox 786 2954 865 3004; x_wconf 85' lang='lat' dir='ltr'>listis</span> <span class='ocrx_word' id='word_1_266' title='bbox 875 2953 956 3017; x_wconf 79' lang='lat' dir='ltr'>terte,</span> <span class='ocrx_word' id='word_1_267' title='bbox 975 2962 1004 3004; x_wconf 89' lang='lat' dir='ltr'>et</span> <span class='ocrx_word' id='word_1_268' title='bbox 1018 2956 1045 3004; x_wconf 90' lang='lat' dir='ltr'>in</span> <span class='ocrx_word' id='word_1_269' title='bbox 1056 2956 1129 3005; x_wconf 86' lang='lat' dir='ltr'>Urbe</span> <span class='ocrx_word' id='word_1_270' title='bbox 1145 2956 1281 3006; x_wconf 79' lang='lat' dir='ltr'>educeres.</span> 
     </span>
     <span class='ocr_line' id='line_1_31' title="bbox 177 3030 1283 3094; baseline -0.008 -4"><span class='ocrx_word' id='word_1_271' title='bbox 177 3033 429 3089; x_wconf 81' lang='lat' dir='ltr'>bUtsmenuffirrno.</span> <span class='ocrx_word' id='word_1_272' title='bbox 750 3030 816 3079; x_wconf 86' lang='lat' dir='ltr'>Cum</span> <span class='ocrx_word' id='word_1_273' title='bbox 832 3031 985 3093; x_wconf 86' lang='lat' dir='ltr'>psteriiiius</span> <span class='ocrx_word' id='word_1_274' title='bbox 996 3031 1100 3080; x_wconf 73' lang='lat' dir='ltr'>Flavius</span> <span class='ocrx_word' id='word_1_275' title='bbox 1120 3040 1209 3094; x_wconf 77' lang='lat' dir='ltr'>peries</span> <span class='ocrx_word' id='word_1_276' title='bbox 1228 3032 1283 3081; x_wconf 84' lang='lat' dir='ltr'>Ro·</span> 
     </span>
     <span class='ocr_line' id='line_1_32' title="bbox 210 3099 1283 3169; baseline -0.006 -8"><span class='ocrx_word' id='word_1_277' title='bbox 210 3111 281 3161; x_wconf 66' lang='lat' dir='ltr'>ine</span> <span class='ocrx_word' id='word_1_278' title='bbox 291 3106 440 3169; x_wconf 73' lang='lat' dir='ltr'>Catium]</span> <span class='ocrx_word' id='word_1_279' title='bbox 457 3105 488 3154; x_wconf 91' lang='lat' dir='ltr'>ln</span> <span class='ocrx_word' id='word_1_280' title='bbox 500 3100 586 3153; x_wconf 83' lang='lat' dir='ltr'>Vstic.</span> <span class='ocrx_word' id='word_1_281' title='bbox 597 3107 647 3164; x_wconf 84' lang='lat' dir='ltr'>est,</span> <span class='ocrx_word' id='word_1_282' title='bbox 663 3099 710 3150; x_wconf 67' lang='lat' dir='ltr'>Aa·</span> <span class='ocrx_word' id='word_1_283' title='bbox 749 3120 880 3155; x_wconf 82' lang='lat' dir='ltr'>munorum</span> <span class='ocrx_word' id='word_1_284' title='bbox 889 3105 1051 3166; x_wconf 79' lang='lat' dir='ltr'>fovisset3et</span> <span class='ocrx_word' id='word_1_285' title='bbox 1059 3105 1190 3156; x_wconf 76' lang='lat' dir='ltr'>Arminius</span> <span class='ocrx_word' id='word_1_286' title='bbox 1199 3104 1283 3157; x_wconf 82' lang='lat' dir='ltr'>inien-</span> 
     </span>
     <span class='ocr_line' id='line_1_33' title="bbox 179 3176 1282 3246; baseline -0.002 -11"><span class='ocrx_word' id='word_1_287' title='bbox 179 3194 283 3239; x_wconf 71' lang='lat' dir='ltr'>tenerur</span> <span class='ocrx_word' id='word_1_288' title='bbox 298 3184 434 3245; x_wconf 77' lang='lat' dir='ltr'>Strabone,</span> <span class='ocrx_word' id='word_1_289' title='bbox 455 3177 598 3243; x_wconf 74' lang='lat' dir='ltr'>oieptpeprs</span> <span class='ocrx_word' id='word_1_290' title='bbox 617 3176 711 3237; x_wconf 59' lang='lat' dir='ltr'>herde</span> <span class='ocrx_word' id='word_1_291' title='bbox 750 3196 794 3231; x_wconf 85' lang='lat' dir='ltr'>sus</span> <span class='ocrx_word' id='word_1_292' title='bbox 809 3182 858 3245; x_wconf 90' lang='lat' dir='ltr'>ipsi</span> <span class='ocrx_word' id='word_1_293' title='bbox 868 3180 936 3246; x_wconf 75' lang='lat' dir='ltr'>sputi</span> <span class='ocrx_word' id='word_1_294' title='bbox 945 3181 1088 3232; x_wconf 82' lang='lat' dir='ltr'>Cheruscos</span> <span class='ocrx_word' id='word_1_295' title='bbox 1105 3182 1282 3246; x_wconf 76' lang='lat' dir='ltr'>preponeret,</span> 
     </span>
     <span class='ocr_line' id='line_1_34' title="bbox 179 3252 1281 3322; baseline -0.004 -10"><span class='ocrx_word' id='word_1_296' title='bbox 179 3261 287 3321; x_wconf 59' lang='grc' dir='ltr'>κάπτων,</span> <span class='ocrx_word' id='word_1_297' title='bbox 312 3260 338 3309; x_wconf 86' lang='lat' dir='ltr'>id</span> <span class='ocrx_word' id='word_1_298' title='bbox 362 3267 413 3321; x_wconf 83' lang='lat' dir='ltr'>ert,</span> <span class='ocrx_word' id='word_1_299' title='bbox 443 3259 589 3317; x_wconf 64' lang='grc' dir='ltr'>ΗΜ,</span> <span class='ocrx_word' id='word_1_300' title='bbox 607 3253 650 3303; x_wconf 89' lang='lat' dir='ltr'>vel</span> <span class='ocrx_word' id='word_1_301' title='bbox 677 3252 709 3301; x_wconf 84' lang='lat' dir='ltr'>sd</span> <span class='ocrx_word' id='word_1_302' title='bbox 750 3256 819 3306; x_wconf 75' lang='lat' dir='ltr'>baud</span> <span class='ocrx_word' id='word_1_303' title='bbox 838 3256 916 3306; x_wconf 85' lang='lat' dir='ltr'>dubie</span> <span class='ocrx_word' id='word_1_304' title='bbox 927 3257 1197 3322; x_wconf 81' lang='lat' dir='ltr'>petriosoiosjectns,</span> <span class='ocrx_word' id='word_1_305' title='bbox 1214 3257 1281 3308; x_wconf 88' lang='lat' dir='ltr'>etin</span> 
     </span>
     <span class='ocr_line' id='line_1_35' title="bbox 179 3329 1283 3405; baseline -0.004 -18"><span class='ocrx_word' id='word_1_306' title='bbox 179 3346 285 3405; x_wconf 79' lang='lat' dir='ltr'>etymon</span> <span class='ocrx_word' id='word_1_307' title='bbox 296 3334 479 3385; x_wconf 83' lang='lat' dir='ltr'>Gennsnicurn</span> <span class='ocrx_word' id='word_1_308' title='bbox 492 3330 587 3391; x_wconf 86' lang='lat' dir='ltr'>verius,</span> <span class='ocrx_word' id='word_1_309' title='bbox 599 3329 711 3378; x_wconf 72' lang='lat' dir='ltr'>Am·</span> <span class='ocrx_word' id='word_1_310' title='bbox 750 3330 816 3380; x_wconf 86' lang='lat' dir='ltr'>urbe</span> <span class='ocrx_word' id='word_1_311' title='bbox 831 3330 956 3381; x_wconf 80' lang='lat' dir='ltr'>educetur</span> <span class='ocrx_word' id='word_1_312' title='bbox 968 3338 1017 3393; x_wconf 87' lang='lat' dir='ltr'>est,</span> <span class='ocrx_word' id='word_1_313' title='bbox 1029 3331 1090 3381; x_wconf 88' lang='lat' dir='ltr'>dum</span> <span class='ocrx_word' id='word_1_314' title='bbox 1100 3330 1205 3383; x_wconf 77' lang='lat' dir='ltr'>fortune</span> <span class='ocrx_word' id='word_1_315' title='bbox 1217 3332 1283 3383; x_wconf 79' lang='lat' dir='ltr'>redi·</span> 
     </span>
     <span class='ocr_line' id='line_1_36' title="bbox 178 3404 1139 3477; baseline -0.009 -12"><span class='ocrx_word' id='word_1_316' title='bbox 178 3430 228 3465; x_wconf 79' lang='lat' dir='ltr'>rer.</span> <span class='ocrx_word' id='word_1_317' title='bbox 245 3412 356 3477; x_wconf 83' lang='lat' dir='ltr'>Lipsius.</span> <span class='ocrx_word' id='word_1_318' title='bbox 751 3404 1139 3468; x_wconf 80' lang='lat' dir='ltr'>tuioccseionempetstscerst.</span> 
     </span>
     <span class='ocr_line' id='line_1_37' title="bbox 211 3480 1282 3547; baseline -0.007 -9"><span class='ocrx_word' id='word_1_319' title='bbox 211 3496 223 3523; x_wconf 81' lang='lat'>⁸</span> <span class='ocrx_word' id='word_1_320' title='bbox 240 3484 377 3547; x_wconf 76' lang='lat' dir='ltr'>Ostiorum]</span> <span class='ocrx_word' id='word_1_321' title='bbox 395 3482 467 3535; x_wconf 83' lang='lat' dir='ltr'>Cutti</span> <span class='ocrx_word' id='word_1_322' title='bbox 485 3481 527 3531; x_wconf 91' lang='lat' dir='ltr'>vei</span> <span class='ocrx_word' id='word_1_323' title='bbox 543 3480 644 3542; x_wconf 77' lang='lat' dir='ltr'>chatti,</span> <span class='ocrx_word' id='word_1_324' title='bbox 663 3492 709 3544; x_wconf 89' lang='lat' dir='ltr'>po·</span> <span class='ocrx_word' id='word_1_325' title='bbox 781 3480 826 3529; x_wconf 74' lang='lat' dir='ltr'>Sic</span> <span class='ocrx_word' id='word_1_326' title='bbox 841 3480 951 3543; x_wconf 82' lang='lat' dir='ltr'>juvenes</span> <span class='ocrx_word' id='word_1_327' title='bbox 967 3482 1052 3543; x_wconf 69' lang='lat' dir='ltr'>regios</span> <span class='ocrx_word' id='word_1_328' title='bbox 1067 3493 1119 3530; x_wconf 86' lang='lat' dir='ltr'>non</span> <span class='ocrx_word' id='word_1_329' title='bbox 1137 3480 1194 3531; x_wconf 87' lang='lat' dir='ltr'>sine</span> <span class='ocrx_word' id='word_1_330' title='bbox 1213 3494 1282 3546; x_wconf 66' lang='lat' dir='ltr'>pre·</span> 
     </span>
     <span class='ocr_line' id='line_1_38' title="bbox 179 3552 1280 3629; baseline -0.009 -14"><span class='ocrx_word' id='word_1_331' title='bbox 179 3564 234 3629; x_wconf 89' lang='lat' dir='ltr'>puii</span> <span class='ocrx_word' id='word_1_332' title='bbox 244 3562 392 3613; x_wconf 80' lang='lat' dir='ltr'>Germsnire</span> <span class='ocrx_word' id='word_1_333' title='bbox 404 3560 436 3609; x_wconf 81' lang='lat' dir='ltr'>sd</span> <span class='ocrx_word' id='word_1_334' title='bbox 448 3556 577 3618; x_wconf 75' lang='lat' dir='ltr'>Visurgim</span> <span class='ocrx_word' id='word_1_335' title='bbox 587 3552 708 3604; x_wconf 84' lang='lat' dir='ltr'>fluvium:</span> <span class='ocrx_word' id='word_1_336' title='bbox 749 3560 835 3619; x_wconf 84' lang='lat' dir='ltr'>textu,</span> <span class='ocrx_word' id='word_1_337' title='bbox 845 3556 933 3607; x_wconf 64' lang='lat' dir='ltr'>Mune</span> <span class='ocrx_word' id='word_1_338' title='bbox 949 3554 1126 3619; x_wconf 83' lang='lat' dir='ltr'>ssservsbent,</span> <span class='ocrx_word' id='word_1_339' title='bbox 1145 3564 1176 3607; x_wconf 91' lang='lat' dir='ltr'>nt</span> <span class='ocrx_word' id='word_1_340' title='bbox 1186 3559 1218 3606; x_wconf 88' lang='lat' dir='ltr'>iis</span> <span class='ocrx_word' id='word_1_341' title='bbox 1232 3570 1280 3621; x_wconf 84' lang='lat' dir='ltr'>pru</span> 
     </span>
     <span class='ocr_line' id='line_1_39' title="bbox 177 3630 1279 3694; baseline -0.007 -6"><span class='ocrx_word' id='word_1_342' title='bbox 177 3638 253 3689; x_wconf 84' lang='lat' dir='ltr'>bodie</span> <span class='ocrx_word' id='word_1_343' title='bbox 265 3637 409 3687; x_wconf 74' lang='lat' dir='ltr'>Comitatus</span> <span class='ocrx_word' id='word_1_344' title='bbox 422 3634 545 3694; x_wconf 78' lang='lat' dir='ltr'>Wuirieck,</span> <span class='ocrx_word' id='word_1_345' title='bbox 554 3644 614 3694; x_wconf 80' lang='lat' dir='ltr'>pers</span> <span class='ocrx_word' id='word_1_346' title='bbox 627 3630 709 3679; x_wconf 82' lang='lat' dir='ltr'>Land-</span> <span class='ocrx_word' id='word_1_347' title='bbox 749 3646 796 3680; x_wconf 90' lang='lat' dir='ltr'>suo</span> <span class='ocrx_word' id='word_1_348' title='bbox 807 3632 943 3681; x_wconf 82' lang='lat' dir='ltr'>commodo</span> <span class='ocrx_word' id='word_1_349' title='bbox 952 3637 1087 3681; x_wconf 80' lang='lat' dir='ltr'>utersurtur</span> <span class='ocrx_word' id='word_1_350' title='bbox 1096 3633 1130 3681; x_wconf 80' lang='lat' dir='ltr'>sd</span> <span class='ocrx_word' id='word_1_351' title='bbox 1138 3632 1279 3694; x_wconf 84' lang='lat' dir='ltr'>reprimen-</span> 
     </span>
     <span class='ocr_line' id='line_1_40' title="bbox 176 3706 1279 3779; baseline -0.01 -13"><span class='ocrx_word' id='word_1_352' title='bbox 176 3714 309 3779; x_wconf 72' lang='lat' dir='ltr'>grsristns</span> <span class='ocrx_word' id='word_1_353' title='bbox 330 3712 435 3774; x_wconf 72' lang='lat' dir='ltr'>nauta,</span> <span class='ocrx_word' id='word_1_354' title='bbox 454 3722 569 3760; x_wconf 85' lang='lat' dir='ltr'>necnon</span> <span class='ocrx_word' id='word_1_355' title='bbox 588 3706 707 3755; x_wconf 78' lang='lat' dir='ltr'>Abbetire</span> <span class='ocrx_word' id='word_1_356' title='bbox 748 3707 795 3756; x_wconf 81' lang='lat' dir='ltr'>dos</span> <span class='ocrx_word' id='word_1_357' title='bbox 806 3707 927 3770; x_wconf 84' lang='lat' dir='ltr'>Psrtbos,</span> <span class='ocrx_word' id='word_1_358' title='bbox 938 3707 1093 3776; x_wconf 66' lang='lat' dir='ltr'>Germanos,</span> <span class='ocrx_word' id='word_1_359' title='bbox 1112 3714 1139 3755; x_wconf 91' lang='lat' dir='ltr'>et</span> <span class='ocrx_word' id='word_1_360' title='bbox 1152 3708 1215 3756; x_wconf 85' lang='lat' dir='ltr'>elios</span> <span class='ocrx_word' id='word_1_361' title='bbox 1233 3720 1279 3770; x_wconf 86' lang='lat' dir='ltr'>po·</span> 
     </span>
     <span class='ocr_line' id='line_1_41' title="bbox 176 3778 830 3847; baseline -0.014 -6"><span class='ocrx_word' id='word_1_362' title='bbox 176 3788 315 3847; x_wconf 64' lang='lat' dir='ltr'>Eunus</span> <span class='ocrx_word' id='word_1_363' title='bbox 331 3792 359 3837; x_wconf 85' lang='lat' dir='ltr'>et</span> <span class='ocrx_word' id='word_1_364' title='bbox 380 3786 442 3834; x_wconf 74' lang='lat' dir='ltr'>Fun</span> <span class='ocrx_word' id='word_1_365' title='bbox 463 3785 489 3832; x_wconf 87' lang='lat' dir='ltr'>in</span> <span class='ocrx_word' id='word_1_366' title='bbox 507 3782 605 3831; x_wconf 89' lang='lat' dir='ltr'>circulo</span> <span class='ocrx_word' id='word_1_367' title='bbox 622 3778 708 3829; x_wconf 84' lang='lat' dir='ltr'>Rheni</span> <span class='ocrx_word' id='word_1_368' title='bbox 747 3784 830 3846; x_wconf 84' lang='lat' dir='ltr'>pulos.</span> 
     </span>
     <span class='ocr_line' id='line_1_42' title="bbox 177 3856 1279 3928; baseline -0.008 -13"><span class='ocrx_word' id='word_1_369' title='bbox 177 3864 326 3928; x_wconf 87' lang='lat' dir='ltr'>superioris.</span> <span class='ocrx_word' id='word_1_370' title='bbox 346 3858 503 3910; x_wconf 71' lang='lat' dir='ltr'>numius.</span> <span class='ocrx_word' id='word_1_371' title='bbox 778 3858 824 3906; x_wconf 82' lang='lat' dir='ltr'>Sic</span> <span class='ocrx_word' id='word_1_372' title='bbox 839 3862 868 3907; x_wconf 88' lang='lat' dir='ltr'>et</span> <span class='ocrx_word' id='word_1_373' title='bbox 884 3857 965 3906; x_wconf 84' lang='lat' dir='ltr'>titium</span> <span class='ocrx_word' id='word_1_374' title='bbox 976 3856 1085 3906; x_wconf 77' lang='lat' dir='ltr'>Arminii</span> <span class='ocrx_word' id='word_1_375' title='bbox 1104 3856 1149 3906; x_wconf 80' lang='lat' dir='ltr'>riin</span> <span class='ocrx_word' id='word_1_376' title='bbox 1166 3856 1279 3907; x_wconf 87' lang='lat' dir='ltr'>retinue-</span> 
     </span>
     <span class='ocr_line' id='line_1_43' title="bbox 210 3928 1278 3995; baseline -0.005 -9"><span class='ocrx_word' id='word_1_377' title='bbox 210 3934 413 3995; x_wconf 63' lang='lat' dir='ltr'>&#39;Rmortusd</span> <span class='ocrx_word' id='word_1_378' title='bbox 430 3932 508 3982; x_wconf 84' lang='lat' dir='ltr'>iisud</span> <span class='ocrx_word' id='word_1_379' title='bbox 518 3930 594 3981; x_wconf 86' lang='lat' dir='ltr'>dubie</span> <span class='ocrx_word' id='word_1_380' title='bbox 606 3928 709 3978; x_wconf 81' lang='lat' dir='ltr'>Pierius</span> <span class='ocrx_word' id='word_1_381' title='bbox 748 3939 808 3981; x_wconf 91' lang='lat' dir='ltr'>runt</span> <span class='ocrx_word' id='word_1_382' title='bbox 817 3933 844 3981; x_wconf 90' lang='lat' dir='ltr'>in</span> <span class='ocrx_word' id='word_1_383' title='bbox 857 3932 943 3993; x_wconf 85' lang='lat' dir='ltr'>Itsiis,</span> <span class='ocrx_word' id='word_1_384' title='bbox 960 3938 989 3981; x_wconf 93' lang='lat' dir='ltr'>et</span> <span class='ocrx_word' id='word_1_385' title='bbox 999 3931 1093 3981; x_wconf 85' lang='lat' dir='ltr'>multos</span> <span class='ocrx_word' id='word_1_386' title='bbox 1109 3932 1197 3981; x_wconf 73' lang='lat' dir='ltr'>subita</span> <span class='ocrx_word' id='word_1_387' title='bbox 1212 3932 1278 3981; x_wconf 84' lang='lat' dir='ltr'>Per·</span> 
     </span>
     <span class='ocr_line' id='line_1_44' title="bbox 120 3998 1279 4071; baseline -0.008 -6"><span class='ocrx_word' id='word_1_388' title='bbox 120 3998 124 4005; x_wconf 47' lang='lat'>¹</span> <span class='ocrx_word' id='word_1_389' title='bbox 177 4014 223 4067; x_wconf 81' lang='lat' dir='ltr'>diu</span> <span class='ocrx_word' id='word_1_390' title='bbox 245 4010 328 4061; x_wconf 85' lang='lat' dir='ltr'>socius</span> <span class='ocrx_word' id='word_1_391' title='bbox 350 4015 379 4060; x_wconf 86' lang='lat' dir='ltr'>et</span> <span class='ocrx_word' id='word_1_392' title='bbox 399 4006 530 4071; x_wconf 81' lang='lat' dir='ltr'>stipendis</span> <span class='ocrx_word' id='word_1_393' title='bbox 549 4008 657 4057; x_wconf 89' lang='lat' dir='ltr'>meritus</span> <span class='ocrx_word' id='word_1_394' title='bbox 678 4006 704 4055; x_wconf 88' lang='lat' dir='ltr'>in</span> <span class='ocrx_word' id='word_1_395' title='bbox 745 4008 847 4057; x_wconf 74' lang='lat' dir='ltr'>murum</span> <span class='ocrx_word' id='word_1_396' title='bbox 861 4006 972 4069; x_wconf 76' lang='lat' dir='ltr'>obsides,</span> <span class='ocrx_word' id='word_1_397' title='bbox 993 4006 1072 4056; x_wconf 82' lang='lat' dir='ltr'>etiem</span> <span class='ocrx_word' id='word_1_398' title='bbox 1091 4012 1120 4056; x_wconf 87' lang='lat' dir='ltr'>et</span> <span class='ocrx_word' id='word_1_399' title='bbox 1138 4008 1279 4057; x_wconf 81' lang='lat' dir='ltr'>Britenne·</span> 
     </span>
     <span class='ocr_line' id='line_1_45' title="bbox 178 4081 1278 4146; baseline -0.012 -8"><span class='ocrx_word' id='word_1_400' title='bbox 178 4089 269 4141; x_wconf 83' lang='lat' dir='ltr'>cestris</span> <span class='ocrx_word' id='word_1_401' title='bbox 278 4086 353 4137; x_wconf 85' lang='lat' dir='ltr'>Rom.</span> <span class='ocrx_word' id='word_1_402' title='bbox 365 4098 424 4133; x_wconf 89' lang='lat' dir='ltr'>cum</span> <span class='ocrx_word' id='word_1_403' title='bbox 434 4097 515 4133; x_wconf 79' lang='lat' dir='ltr'>uxore</span> <span class='ocrx_word' id='word_1_404' title='bbox 533 4084 669 4132; x_wconf 76' lang='lat' dir='ltr'>transistus</span> <span class='ocrx_word' id='word_1_405' title='bbox 679 4081 704 4129; x_wconf 92' lang='lat' dir='ltr'>in</span> <span class='ocrx_word' id='word_1_406' title='bbox 745 4100 803 4134; x_wconf 78' lang='lat' dir='ltr'>mm</span> <span class='ocrx_word' id='word_1_407' title='bbox 821 4089 849 4133; x_wconf 73' lang='lat' dir='ltr'>et</span> <span class='ocrx_word' id='word_1_408' title='bbox 865 4082 1217 4146; x_wconf 63' lang='lat' dir='ltr'>Regulumomtsbm</span> <span class='ocrx_word' id='word_1_409' title='bbox 1232 4094 1278 4133; x_wconf 72' lang='grc' dir='ltr'>ω.</span> 
     </span>
     <span class='ocr_line' id='line_1_46' title="bbox 177 4157 1277 4228; baseline -0.002 -15"><span class='ocrx_word' id='word_1_410' title='bbox 177 4162 288 4227; x_wconf 82' lang='lat' dir='ltr'>ltniisru,</span> <span class='ocrx_word' id='word_1_411' title='bbox 299 4161 361 4214; x_wconf 89' lang='lat' dir='ltr'>etin</span> <span class='ocrx_word' id='word_1_412' title='bbox 372 4160 469 4211; x_wconf 86' lang='lat' dir='ltr'>Urbem</span> <span class='ocrx_word' id='word_1_413' title='bbox 485 4164 513 4207; x_wconf 90' lang='lat' dir='ltr'>et</span> <span class='ocrx_word' id='word_1_414' title='bbox 524 4157 706 4221; x_wconf 86' lang='lat' dir='ltr'>cumpstrism</span> <span class='ocrx_word' id='word_1_415' title='bbox 745 4160 804 4211; x_wconf 84' lang='lat' dir='ltr'>dem</span> <span class='ocrx_word' id='word_1_416' title='bbox 826 4158 945 4222; x_wconf 81' lang='lat' dir='ltr'>consiliu,</span> <span class='ocrx_word' id='word_1_417' title='bbox 962 4164 991 4209; x_wconf 85' lang='lat' dir='ltr'>et</span> <span class='ocrx_word' id='word_1_418' title='bbox 1008 4158 1125 4210; x_wconf 80' lang='lat' dir='ltr'>ostentui</span> <span class='ocrx_word' id='word_1_419' title='bbox 1142 4158 1277 4228; x_wconf 62' lang='lat' dir='ltr'>metuisse</span> 
     </span>
    </p>
   </div>
   <div class='ocr_carea' id='block_1_9' title="bbox 177 4233 935 4305">
    <p class='ocr_par' dir='ltr' id='par_1_9' title="bbox 177 4233 935 4305">
     <span class='ocr_line' id='line_1_47' title="bbox 177 4233 935 4305; baseline -0.009 -16"><span class='ocrx_word' id='word_1_420' title='bbox 177 4235 266 4301; x_wconf 78' lang='lat' dir='ltr'>sedem</span> <span class='ocrx_word' id='word_1_421' title='bbox 274 4233 707 4305; x_wconf 73' lang='lat' dir='ltr'>mopersreneqnustsunouu,</span> <span class='ocrx_word' id='word_1_422' title='bbox 745 4233 935 4291; x_wconf 58' lang='lat' dir='ltr'>:emturum</span> 
     </span>
    </p>
   </div>
   <div class='ocr_carea' id='block_1_10' title="bbox 0 0 1584 4917">
    <p class='ocr_par' dir='ltr' id='par_1_10' title="bbox 0 0 1584 4917">
     <span class='ocr_line' id='line_1_48' title="bbox 0 0 1584 4917; baseline 0 2"><span class='ocrx_word' id='word_1_423' title='bbox 0 0 1584 4917; x_wconf 95' lang='lat' dir='ltr'> </span> 
     </span>
    </p>
   </div>
  </div>
 </body>
</html>
