3159 4917
265 389 331 455 ⁷10
591 407 623 453 c.
646 405 829 455 eoeneum
853 405 1004 460 recursa
1202 415 1369 478 [seura.

760 546 868 598 NOTAE

257 641 369 715 judicio,
385 648 449 700 nibil
465 649 509 700 bie
526 649 653 715 deprimo
665 653 793 717 Augusto,
832 654 900 719 quod
911 653 977 704 dixit
989 654 1123 721 Augustus
1134 671 1193 707 eum
1205 658 1262 710 elea
1271 611 1364 710 ludens

176 715 180 722 ’
260 727 404 777 deliberio
422 728 478 790 ipso
488 742 572 777 senno
582 735 639 787 est;
658 736 686 777 et
695 728 736 777 bic
747 728 792 778 de·
831 729 883 778 suis
911 729 1000 782 suricis
1024 738 1053 781 et
1078 733 1246 783 collusoribus
1273 732 1362 786 uranus

259 803 339 867 nique
351 801 485 852 avaritiam
497 803 552 867 ejus
570 817 599 852 se
610 803 737 854 revelasse
748 817 792 853 aa·
832 818 902 867 saepe
931 807 1099 857 remitterer:
1123 807 1204 858 Putet
1227 809 1305 858 etism
1327 821 1361 859 ex

258 886 304 930 tea
329 879 463 930 oeesrltsm
513 881 638 943 legerem
664 895 713 944 pro
738 882 789 931 boe
832 879 918 928 Plinio
929 879 947 928 1.
966 893 1050 930 xrrrr.
1060 886 1086 931 6.
1108 882 1159 932 ‘L-
1171 884 1260 933 Tatius
1278 883 1362 934 Rufus

257 955 450 1017 seusuArgsrsti
468 956 584 1004 essedas.
617 956 699 1018 Sapra
715 957 788 1006 'l'eei-
830 954 917 1004 iuliura
934 957 1056 1006 numlium
1073 959 1227 1022 bumilitate,
1245 962 1362 1010 eonsule-

258 1029 548 1092 tasdisit,‘.‘l'iberium
569 1031 691 1080 adversm
711 1046 789 1094 pecu·
831 1039 885 1082 tum
899 1033 1004 1083 militari
1023 1034 1148 1084 industria
1166 1038 1359 1102 meritus,suti-

256 1106 326 1156 niem
335 1106 398 1155 sstis
408 1105 508 1154 firmum
518 1103 595 1155 fauisse
605 1105 622 1155 :'
638 1112 665 1155 et
677 1105 738 1155 ulibi
749 1107 786 1156 sie
829 1123 886 1173 qum
899 1110 961 1158 elius
972 1111 1147 1174 parcimoniae,
1155 1112 1259 1163 circiter
1268 1115 1360 1166 millies

257 1185 383 1235 ostendit.
415 1185 521 1248 nepotes.
611 1243 615 1248 .
829 1184 883 1235 Hs.
893 1185 1048 1236 liberalitate
1059 1186 1114 1236 divi
1127 1188 1236 1252 Augusti
1253 1205 1359 1255 conges-

266 1305 271 1314 ,
300 1259 350 1309 Sed
376 1261 505 1309 ὶίὸπαῐὲεω
525 1261 641 1326 Auguste]
675 1263 786 1329 Corrup-
828 1265 893 1324 turn,
912 1275 990 1326 usqne
1010 1262 1279 1316 addetreetutiouem
1301 1267 1359 1333 (elii

258 1339 300 1384 tus
307 1333 367 1383 mibl
376 1334 479 1384 ridetur
490 1337 574 1386 loeus:
586 1338 607 1386 si
620 1344 705 1388 tamen
717 1348 747 1391 ut
757 1347 785 1392 se
825 1334 917 1400 legunt
926 1337 1126 1404 detractionem)
1136 1340 1255 1402 baeredis,
1264 1343 1358 1392 exhau-

255 1409 336 1459 bsbet
353 1407 531 1461 defendendus
546 1413 590 1473 sit,
608 1414 692 1464 innuit
706 1417 786 1479 pluri·
827 1413 871 1475 tlt,
882 1413 991 1476 aaronis
1003 1414 1102 1466 Piceno
1113 1416 1261 1481 codmrndo,
1272 1420 1357 1470 eoleu·

253 1498 296 1533 ma
312 1482 457 1546 Augustum
478 1485 541 1535 Silio
562 1484 706 1539 liberaliter
723 1491 785 1540 ollsu
826 1489 950 1554 doqueiu
962 1491 1088 1555 glorium!
1356 1527 1360 1538 ·

253 1559 323 1610 douo
350 1561 461 1624 dedisse,
480 1577 574 1627 nempe
595 1565 692 1628 bertus,
712 1567 784 1618 uillas
858 1567 1045 1618 Sedliterols'tus
1054 1571 1159 1632 Armeni
1168 1571 1258 1636 uedeo]
1273 1572 1316 1622 Sic
1327 1580 1356 1623 et

251 1650 374 1699 smoenas,
384 1643 413 1686 et
427 1637 528 1699 similia,
540 1652 647 1702 qaorum
658 1631 784 1692 eriditste
824 1633 885 1692 Teo.
897 1645 915 1693 l.
928 1658 946 1692 r.
960 1645 1029 1694 Hist.
1049 1644 1109 1706 ‘bis
1126 1653 1153 1695 et
1172 1646 1251 1696 vicies
1262 1647 1354 1698 millies

250 1719 338 1770 motos
348 1713 465 1764 liberius
484 1713 510 1762 in
529 1715 585 1764 Silii
602 1715 669 1765 boos
678 1719 779 1776 saeriit:
822 1719 968 1768 sestertium
980 1721 1243 1772 donationibusNaro
1255 1719 1354 1780 ellade·

251 1788 402 1852 curavitque
418 1790 564 1853 computari
583 1791 729 1854 singiliatim
749 1809 781 1844 ea
821 1799 878 1842 rat:
890 1794 1014 1858 appellari
1025 1795 1137 1858 singulos
1143 1787 1225 1858 jussit
1234 1795 1355 1862 (Galba),

249 1864 336 1912 omnia
355 1878 415 1928 quse
429 1863 492 1914 fusco
504 1865 669 1930 petebantur,
684 1876 713 1918 ut
730 1871 780 1920 sei-
820 1867 920 1918 decima
936 1876 1012 1933 parte
1020 1870 1182 1920 liberalitatis
1191 1872 1258 1937 apud
1266 1887 1353 1938 quern-

248 1939 409 1994 lieet'iuter
430 1941 474 1991 illa
500 1944 781 2006 comprehenderemus
820 1958 973 2008 queeorum
992 1944 1100 1995 relicta!
1134 1947 1198 1996 Cam
1215 1947 1290 1998 Silius
1306 1945 1351 1998 flo-

161 2075 164 2079 r
248 2008 327 2064 etiam
336 2013 535 2080 Augustidons.
567 2019 779 2084 sttumsensum,
820 2027 889 2070 reret
901 2019 1074 2071 lnGermsnie
1085 2022 1351 2085 legetusGermuuici,

246 2087 359 2138 formae
379 2105 430 2140 nou
452 2091 600 2152 absurdum,
618 2096 779 2159 excogitavit
817 2097 885 2147 lssud
906 2097 983 2148 dubie
1002 2113 1035 2148 ex
1058 2105 1214 2148 testamento
1230 2099 1352 2163 Augusti,

247 2164 400 2214 Freuoiseus
417 2166 566 2230 Venturius,
590 2169 709 2221 scilieet:
731 2173 777 2222 sed
817 2173 857 2222 rel
868 2172 954 2235 aliter,
965 2171 1147 2222 liberalitatem
1164 2173 1351 2238 aliquumarei-

244 2237 457 2304 liberalitasque
467 2241 601 2306 Augustus
612 2259 777 2311 usus,quam-
816 2261 880 2311 pere
899 2248 1000 2312 debuit,
1017 2249 1059 2298 rel
1077 2249 1133 2314 Jsm
1154 2257 1307 2314 acceperet:
1326 2252 1350 2302 si

166 2340 170 2344 -
245 2311 423 2378 queliberius
436 2329 515 2379 usque
534 2317 566 2366 sd
585 2319 641 2368 beo
659 2326 777 2386 tempora
816 2324 1347 2390 noudumacceperut,tamensrulsaest;

243 2383 361 2438 imitatus
373 2395 423 2454 est,
439 2395 493 2439 tum
513 2390 624 2454 primum
643 2407 775 2462 corrupta.
815 2399 836 2448 si
857 2407 1006 2466 receperat,
1024 2401 1113 2453 itidem
1134 2403 1225 2452 avulsa
1245 2409 1273 2454 et
1289 2403 1347 2452 sub-

245 2462 361 2514 Ps'olseus.
816 2482 910 2540 tracta,
945 2493 993 2528 uec
1014 2478 1087 2542 qnasi
1112 2479 1293 2529 numerabatur
1313 2479 1346 2540 ,in

275 2538 518 2593 Arelas-liberalitas
536 2546 654 2612 Δαμώ]
686 2550 775 2602 Vertit
815 2552 888 2603 bonis
902 2553 969 2616 Silii,
980 2555 1041 2622 quis
1058 2553 1126 2605 forte
1146 2571 1196 2605 nau
1215 2553 1347 2606 confirme-

242 2612 353 2682 Ablane·
365 2620 438 2682 qassl
458 2621 498 2669 sie
517 2621 668 2674 redemisset
686 2624 774 2675 facile-
814 2637 868 2680 turn
884 2631 948 2681 illud
961 2631 1113 2682 beneficium
1125 2647 1140 2682 a
1151 2647 1216 2682 novo
1228 2633 1345 2698 principe

243 2691 435 2763 que.solvlsset
453 2694 572 2745 'liberius
593 2698 708 2760 legatum
720 2701 772 2751 Aa·
811 2705 1346 2772 Tiberio‚quodnovaminreutam,etiuter

242 2767 320 2830 gasti,
336 2769 405 2830 quod
416 2769 500 2819 aditae
511 2771 655 2823 debebatur
663 2767 738 2827 silio.
812 2788 881 2831 artes
892 2782 988 2832 'liberii
1000 2781 1059 2845 fuit,
1078 2791 1145 2834 teste
1156 2785 1227 2836 Suet.
1244 2787 1307 2836 Tito
1318 2791 1344 2836 8.

251 2841 463 2892 ,Sedls'deralitus
472 2845 678 2912 depertinentes]
704 2853 770 2902 Ver·
809 2855 936 2906 ‘Nature
963 2864 1050 2908 sutem
1078 2859 1344 2923 benevolentissimae,
1401 2860 1403 2865 ’

239 2915 275 2968 tit
285 2915 415 2980 interpres
431 2919 548 2970 Gallicos
564 2922 636 2986 quasi
651 2924 769 2978 Tiberius
810 2945 868 2980 eum
875 2946 907 2982 ex
916 2933 1143 2985 iustituto'l'iberii
1154 2949 1242 2985 omnes
1251 2935 1344 2986 debinc

239 2992 372 3056 acceperit
393 3000 495 3056 partem
514 2995 638 3048 bonoram
655 2999 720 3064 Silii,
739 3010 769 3053 ut
811 3005 1061 3058 Cmssresbeueticis
1072 3024 1087 3058 u
1098 3009 1343 3070 superioribuseon·

237 3065 299 3115 iude
312 3067 481 3130 largitionem
498 3084 545 3120 seu
561 3073 648 3135 legata
657 3073 769 3138 Augusti
811 3093 885 3128 eessa
896 3081 1068 3144 principibus,
1078 3083 1156 3131 aliter
1168 3086 1225 3130 reta
1237 3097 1286 3130 uon
1298 3083 1342 3131 ba-

236 3140 351 3191 noudum
368 3143 484 3193 exsoluta
508 3147 677 3206 persolveret.
718 3151 769 3200 Sed
811 3154 912 3218 berone,
924 3156 1033 3220 quamsi
1045 3154 1134 3204 eadem
1147 3153 1236 3204 iisdem
1252 3162 1280 3205 et
1290 3155 1340 3218 ipsi

236 3215 298 3280 quid
309 3217 448 3281 opesSilil,
461 3219 717 3287 qasmrisiogeutes,
735 3227 769 3274 ad
810 3228 953 3289 dedissent,
975 3229 1072 3292 primas
1099 3228 1233 3292 praeterite
1253 3231 1339 3304 omnis

234 3293 317 3338 tautae
340 3291 415 3339 molis
435 3291 606 3356 largitionem,
628 3310 678 3360 qus
697 3299 767 3350 eires
809 3303 970 3364 eoutirmsvit
990 3303 1093 3354 edicto:
1122 3318 1171 3356 nee
1192 3319 1209 3354 a
1231 3320 1259 3355 se
1281 3307 1337 3371 peti

233 3361 341 3424 uiritim,
349 3365 518 3426 pretorianae
528 3371 643 3420 etetiam
652 3373 767 3436 legiones
805 3393 894 3443 passus
910 3378 967 3429 est'
1020 3383 1021 3388 ’
1237 3415 1240 3424 ·

233 3434 399 3488 demeruerat
417 3439 567 3513 Augustus?
598 3445 712 3514 Alamos,
728 3452 766 3502 in-
811 3453 983 3517 ‚-1.iberulitus
1001 3455 1117 3520 Amasti]
1150 3454 1218 3508 Mihi
1236 3463 1336 3509 eertum

233 3515 336 3573 terpres
352 3511 493 3580 Hispanus,
509 3520 616 3583 vertit,‘
627 3525 698 3587 qussi
710 3533 765 3577 tum
806 3536 848 3580 est
865 3530 899 3582 de
911 3531 1124 3598 primurlugusto
1140 3549 1283 3586 sermonem
1295 3533 1336 3588 bie

232 3583 397 3637 extinctssic
409 3589 546 3656 excisaque
556 3595 661 3658 penitus
672 3599 764 3651 liberu-
805 3621 871 3670 esse,
893 3622 943 3657 nou
964 3608 997 3657 de
1017 3609 1133 3672 Tiberio,
1152 3625 1227 3676 quem
1246 3618 1336 3661 noster

229 3659 292 3710 litas
308 3659 438 3727 Augusti!
478 3668 651 3721 Dareusutius
670 3673 763 3741 Italus,
804 3697 929 3748 nusquam
939 3682 1084 3748 Augustum
1101 3685 1217 3737 nominat
1238 3702 1271 3737 ex
1287 3702 1335 3738 saa

231 3738 325 3800 ‘qussi
335 3739 468 3803 Augustas
485 3741 573 3794 debita
591 3747 762 3812 aliquaremi·
802 3772 923 3822 persona.

228 3809 307 3862 sisset
326 3813 405 3877 silio;
429 3815 489 3882 que
510 3819 653 3875 liberalitas
673 3829 761 3879 avulsa
809 3835 1030 3900 ,densamporro
1049 3837 1123 3903 buius
1145 3839 1245 3903 periodi
1264 3840 1332 3900 bupe

228 3883 268 3935 illi
289 3895 318 3938 et
338 3890 443 3943 ademta
462 3901 517 3945 tum
540 3899 676 3953 s'l'iberio
693 3903 762 3972 tuit:
801 3924 858 3961 esse
869 3917 967 3976 putem,
979 3919 1010 3964 ut
1021 3911 1128 3963 diestiu
1140 3913 1272 3964 bousSilii
1282 3928 1330 3964 sse·

228 3959 237 3987 ‘
248 3967 405 4052 computetis
416 3968 582 4036 singillatim:
591 3977 641 4026 dre.
782 4017 787 4028 ·
801 3986 881 4036 vitum
892 4001 964 4038 esses
981 4002 1032 4038 non
1043 3995 1073 4038 ut
1091 3988 1263 4038 redderentur
1272 4003 1331 4053 pro-

236 4087 241 4095 ,
262 4033 542 4114 &stelsberalissimus
554 4046 759 4120 futrnugmtus,
799 4062 1025 4129 vineisbbunquss
1045 4063 1114 4128 ipsis,
1126 4063 1328 4127 eripuissltbffid

229 4116 343 4172 atpatet
356 4129 388 4164 ex
399 4118 439 4166 bis
450 4122 519 4184 apud
536 4125 644 4178 Sueten.
655 4133 757 4184 verbis:
799 4145 830 4187 ut
848 4146 1014 4204 repeteretur
1026 4139 1146 4204 peeuuis,
1163 4153 1238 4203 quoru
1250 4153 1282 4189 ex
1298 4141 1328 4188 li·

221 4181 759 4276 {Meamebeuiguitssetleratlneoelumf
798 4214 934 4268 beralitate
954 4213 1068 4281 Augusti
1093 4229 1152 4268 eoru
1177 4212 1247 4282 allato
1271 4222 1326 4266 ΗΜ
