<?xml version="1.0" encoding="UTF-8"?>
<!DOCTYPE html PUBLIC "-//W3C//DTD XHTML 1.0 Transitional//EN"
    "http://www.w3.org/TR/xhtml1/DTD/xhtml1-transitional.dtd">
<html xmlns="http://www.w3.org/1999/xhtml" xml:lang="en" lang="en">
 <head>
  <title>
</title>
<meta http-equiv="Content-Type" content="text/html;charset=utf-8" />
  <meta name='ocr-system' content='tesseract 3.04.00' />
  <meta name='ocr-capabilities' content='ocr_page ocr_carea ocr_par ocr_line ocrx_word'/>
</head>
<body>
  <div class='ocr_page' id='page_1' title='image "./operaomnia02tacigoog_0536.png"; bbox 0 0 3159 4917; ppageno 0'>
   <div class='ocr_carea' id='block_1_1' title="bbox 329 428 1432 526">
    <p class='ocr_par' dir='ltr' id='par_1_1' title="bbox 329 428 1432 526">
     <span class='ocr_line' id='line_1_1' title="bbox 329 428 1432 526; baseline 0.023 -36"><span class='ocrx_word' id='word_1_1' title='bbox 329 428 417 505; x_wconf 67' lang='lat'><strong><em>1050</em></strong></span> <span class='ocrx_word' id='word_1_2' title='bbox 683 452 715 499; x_wconf 87' lang='lat' dir='ltr'><strong><em>c.</em></strong></span> <span class='ocrx_word' id='word_1_3' title='bbox 739 452 920 501; x_wconf 80' lang='lat' dir='ltr'><strong><em>conuuau</em></strong></span> <span class='ocrx_word' id='word_1_4' title='bbox 943 448 1070 507; x_wconf 79' lang='lat' dir='ltr'><strong><em>rtorrr</em></strong></span> <span class='ocrx_word' id='word_1_5' title='bbox 1271 460 1432 526; x_wconf 66' lang='lat' dir='ltr'><strong><em>[numen</em></strong></span> 
     </span>
    </p>
   </div>
   <div class='ocr_carea' id='block_1_2' title="bbox 329 590 1430 683">
    <p class='ocr_par' dir='ltr' id='par_1_2' title="bbox 329 590 1430 683">
     <span class='ocr_line' id='line_1_2' title="bbox 329 590 1430 683; baseline 0.005 -25"><span class='ocrx_word' id='word_1_6' title='bbox 329 590 495 659; x_wconf 79' lang='lat' dir='ltr'><strong><em>tormentis</em></strong></span> <span class='ocrx_word' id='word_1_7' title='bbox 510 590 739 670; x_wconf 82' lang='lat' dir='ltr'><strong><em>dilorrinbntur,</em></strong></span> <span class='ocrx_word' id='word_1_8' title='bbox 762 591 804 654; x_wconf 86' lang='lat' dir='ltr'><strong><em>da</em></strong></span> <span class='ocrx_word' id='word_1_9' title='bbox 826 600 880 683; x_wconf 75' lang='lat' dir='ltr'><strong><em>ric·¹</em></strong></span> <span class='ocrx_word' id='word_1_10' title='bbox 895 598 973 655; x_wconf 63' lang='lat' dir='ltr'><strong><em>uou‘</em></strong></span> <span class='ocrx_word' id='word_1_11' title='bbox 996 590 1164 659; x_wconf 70' lang='lat' dir='ltr'><strong><em>inficiator</em></strong></span> <span class='ocrx_word' id='word_1_12' title='bbox 1186 596 1339 660; x_wconf 85' lang='lat' dir='ltr'><strong><em>conscios</em></strong></span> <span class='ocrx_word' id='word_1_13' title='bbox 1361 616 1430 663; x_wconf 89' lang='lat' dir='ltr'><strong><em>aon</em></strong></span> 
     </span>
    </p>
   </div>
   <div class='ocr_carea' id='block_1_3' title="bbox 331 772 1431 837">
    <p class='ocr_par' dir='ltr' id='par_1_3' title="bbox 331 772 1431 837">
     <span class='ocr_line' id='line_1_3' title="bbox 331 772 1431 837; baseline 0.004 -14"><span class='ocrx_word' id='word_1_14' title='bbox 331 775 456 824; x_wconf 72' lang='lat' dir='ltr'><strong><em>Genesar.</em></strong></span> <span class='ocrx_word' id='word_1_15' title='bbox 489 774 554 824; x_wconf 83' lang='lat' dir='ltr'><strong><em>Narra</em></strong></span> <span class='ocrx_word' id='word_1_16' title='bbox 562 788 614 823; x_wconf 80' lang='lat' dir='ltr'><strong><em>aens</em></strong></span> <span class='ocrx_word' id='word_1_17' title='bbox 623 772 767 827; x_wconf 69' lang='lat' dir='ltr'><strong><em>inciditur</em></strong></span> <span class='ocrx_word' id='word_1_18' title='bbox 776 776 931 837; x_wconf 64' lang='lat' dir='ltr'><strong><em>murder,</em></strong></span> <span class='ocrx_word' id='word_1_19' title='bbox 941 775 971 823; x_wconf 86' lang='lat' dir='ltr'><strong><em>de</em></strong></span> <span class='ocrx_word' id='word_1_20' title='bbox 981 787 1007 822; x_wconf 83' lang='lat' dir='ltr'><strong><em>se</em></strong></span> <span class='ocrx_word' id='word_1_21' title='bbox 1023 772 1280 826; x_wconf 49' lang='lat' dir='ltr'><strong><em>rememorem·</em></strong></span> <span class='ocrx_word' id='word_1_22' title='bbox 1294 775 1370 826; x_wconf 70' lang='lat' dir='ltr'><strong><em>misr</em></strong></span> <span class='ocrx_word' id='word_1_23' title='bbox 1384 790 1431 827; x_wconf 76' lang='lat' dir='ltr'><strong><em>son</em></strong></span> 
     </span>
    </p>
   </div>
   <div class='ocr_carea' id='block_1_4' title="bbox 788 903 1001 943">
    <p class='ocr_par' dir='ltr' id='par_1_4' title="bbox 788 903 1001 943">
     <span class='ocr_line' id='line_1_4' title="bbox 788 903 1001 943; baseline 0.005 -3"><span class='ocrx_word' id='word_1_24' title='bbox 788 912 968 943; x_wconf 58' lang='lat' dir='ltr'><strong><em>novumn</em></strong></span> <span class='ocrx_word' id='word_1_25' title='bbox 994 903 1001 919; x_wconf 70' lang='lat'><strong><em>⁹</em></strong></span> 
     </span>
    </p>
   </div>
   <div class='ocr_carea' id='block_1_5' title="bbox 324 996 1432 1510">
    <p class='ocr_par' dir='ltr' id='par_1_5' title="bbox 324 996 1432 1510">
     <span class='ocr_line' id='line_1_5' title="bbox 328 996 1432 1063; baseline 0.001 -13"><span class='ocrx_word' id='word_1_26' title='bbox 328 1014 395 1063; x_wconf 71' lang='lat' dir='ltr'><strong><em>sparo</em></strong></span> <span class='ocrx_word' id='word_1_27' title='bbox 404 1000 540 1050; x_wconf 80' lang='lat' dir='ltr'><strong><em>Brotlems</em></strong></span> <span class='ocrx_word' id='word_1_28' title='bbox 550 1006 579 1051; x_wconf 84' lang='lat' dir='ltr'><strong><em>et</em></strong></span> <span class='ocrx_word' id='word_1_29' title='bbox 598 998 785 1051; x_wconf 58' lang='lat' dir='ltr'><strong><em>{iamenu-t</em></strong></span> <span class='ocrx_word' id='word_1_30' title='bbox 801 1000 831 1047; x_wconf 80' lang='lat' dir='ltr'><strong><em>lle</em></strong></span> <span class='ocrx_word' id='word_1_31' title='bbox 840 1011 866 1046; x_wconf 88' lang='lat' dir='ltr'><strong><em>ss</em></strong></span> <span class='ocrx_word' id='word_1_32' title='bbox 877 996 970 1045; x_wconf 76' lang='lat' dir='ltr'><strong><em>Nonius</em></strong></span> <span class='ocrx_word' id='word_1_33' title='bbox 986 996 1103 1057; x_wconf 77' lang='lat' dir='ltr'><strong><em>Erotion,</em></strong></span> <span class='ocrx_word' id='word_1_34' title='bbox 1130 998 1156 1049; x_wconf 89' lang='lat' dir='ltr'><strong><em>ul</em></strong></span> <span class='ocrx_word' id='word_1_35' title='bbox 1168 998 1235 1049; x_wconf 79' lang='lat' dir='ltr'><strong><em>hanc</em></strong></span> <span class='ocrx_word' id='word_1_36' title='bbox 1246 1000 1361 1051; x_wconf 73' lang='lat' dir='ltr'><strong><em>samiam</em></strong></span> <span class='ocrx_word' id='word_1_37' title='bbox 1371 1000 1432 1051; x_wconf 83' lang='lat' dir='ltr'><strong><em>snb-</em></strong></span> 
     </span>
     <span class='ocr_line' id='line_1_6' title="bbox 324 1059 1430 1141; baseline 0 -26"><span class='ocrx_word' id='word_1_38' title='bbox 324 1064 426 1128; x_wconf 76' lang='lat' dir='ltr'><strong><em>jungit:</em></strong></span> <span class='ocrx_word' id='word_1_39' title='bbox 445 1064 551 1115; x_wconf 86' lang='lat' dir='ltr'><strong><em>Nullum</em></strong></span> <span class='ocrx_word' id='word_1_40' title='bbox 571 1066 613 1114; x_wconf 84' lang='lat' dir='ltr'><strong><em>hic</em></strong></span> <span class='ocrx_word' id='word_1_41' title='bbox 630 1065 727 1115; x_wconf 77' lang='lat' dir='ltr'><strong><em>inlatum</em></strong></span> <span class='ocrx_word' id='word_1_42' title='bbox 747 1061 833 1125; x_wconf 86' lang='lat' dir='ltr'><strong><em>reperi</em></strong></span> <span class='ocrx_word' id='word_1_43' title='bbox 850 1060 877 1108; x_wconf 86' lang='lat' dir='ltr'><strong><em>iu</em></strong></span> <span class='ocrx_word' id='word_1_44' title='bbox 897 1059 978 1110; x_wconf 85' lang='lat' dir='ltr'><strong><em>tribus</em></strong></span> <span class='ocrx_word' id='word_1_45' title='bbox 993 1062 1059 1112; x_wconf 85' lang='lat' dir='ltr'><strong><em>Mss.</em></strong></span> <span class='ocrx_word' id='word_1_46' title='bbox 1070 1064 1211 1113; x_wconf 79' lang='lat' dir='ltr'><strong><em>Vaticanis.</em></strong></span> <span class='ocrx_word' id='word_1_47' title='bbox 1242 1065 1294 1113; x_wconf 76' lang='lat' dir='ltr'><strong><em>Scri</em></strong></span> <span class='ocrx_word' id='word_1_48' title='bbox 1305 1071 1430 1141; x_wconf 72' lang='lat' dir='ltr'><strong><em>corrupte</em></strong></span> 
     </span>
     <span class='ocr_line' id='line_1_7' title="bbox 329 1123 1431 1188; baseline 0.002 -13"><span class='ocrx_word' id='word_1_49' title='bbox 329 1128 465 1178; x_wconf 82' lang='lat' dir='ltr'><strong>admodum</strong></span> <span class='ocrx_word' id='word_1_50' title='bbox 475 1129 581 1188; x_wconf 78' lang='lat' dir='ltr'><strong><em>clamori,</em></strong></span> <span class='ocrx_word' id='word_1_51' title='bbox 591 1130 620 1177; x_wconf 86' lang='lat' dir='ltr'><strong><em>de</em></strong></span> <span class='ocrx_word' id='word_1_52' title='bbox 630 1130 718 1185; x_wconf 80' lang='lat' dir='ltr'><strong><em>amorii,</em></strong></span> <span class='ocrx_word' id='word_1_53' title='bbox 727 1128 756 1175; x_wconf 86' lang='lat' dir='ltr'><strong><em>de</em></strong></span> <span class='ocrx_word' id='word_1_54' title='bbox 766 1140 792 1175; x_wconf 85' lang='lat' dir='ltr'><strong><em>se</em></strong></span> <span class='ocrx_word' id='word_1_55' title='bbox 802 1124 865 1173; x_wconf 79' lang='lat' dir='ltr'><strong><em>sori.</em></strong></span> <span class='ocrx_word' id='word_1_56' title='bbox 898 1123 930 1172; x_wconf 89' lang='lat' dir='ltr'><strong><em>Iu</em></strong></span> <span class='ocrx_word' id='word_1_57' title='bbox 942 1125 1006 1174; x_wconf 84' lang='lat' dir='ltr'><strong><em>Mss.</em></strong></span> <span class='ocrx_word' id='word_1_58' title='bbox 1018 1126 1095 1175; x_wconf 90' lang='lat' dir='ltr'><strong><em>Bodl.</em></strong></span> <span class='ocrx_word' id='word_1_59' title='bbox 1108 1126 1182 1176; x_wconf 83' lang='lat' dir='ltr'><strong><em>Harl.</em></strong></span> <span class='ocrx_word' id='word_1_60' title='bbox 1191 1127 1248 1177; x_wconf 82' lang='lat' dir='ltr'><strong><em>Jes.</em></strong></span> <span class='ocrx_word' id='word_1_61' title='bbox 1264 1130 1294 1176; x_wconf 89' lang='lat' dir='ltr'><strong><em>de</em></strong></span> <span class='ocrx_word' id='word_1_62' title='bbox 1304 1143 1329 1177; x_wconf 83' lang='lat' dir='ltr'><strong><em>re</em></strong></span> <span class='ocrx_word' id='word_1_63' title='bbox 1339 1142 1431 1177; x_wconf 72' lang='lat' dir='ltr'><strong><em>m.</em></strong></span> 
     </span>
     <span class='ocr_line' id='line_1_8' title="bbox 327 1189 1431 1256; baseline 0.002 -17"><span class='ocrx_word' id='word_1_64' title='bbox 327 1192 363 1240; x_wconf 88' lang='lat' dir='ltr'><strong><em>Et</em></strong></span> <span class='ocrx_word' id='word_1_65' title='bbox 375 1198 438 1253; x_wconf 90' lang='lat' dir='ltr'><strong><em>puto</em></strong></span> <span class='ocrx_word' id='word_1_66' title='bbox 455 1192 492 1241; x_wconf 90' lang='lat' dir='ltr'><strong><em>sic</em></strong></span> <span class='ocrx_word' id='word_1_67' title='bbox 509 1191 642 1256; x_wconf 80' lang='lat' dir='ltr'><strong><em>scripslme</em></strong></span> <span class='ocrx_word' id='word_1_68' title='bbox 652 1191 781 1239; x_wconf 83' lang='lat' dir='ltr'><strong><em>Tacitum.</em></strong></span> <span class='ocrx_word' id='word_1_69' title='bbox 816 1189 897 1237; x_wconf 80' lang='lat' dir='ltr'><strong><em>casua</em></strong></span> <span class='ocrx_word' id='word_1_70' title='bbox 909 1189 1036 1238; x_wconf 74' lang='lat' dir='ltr'><strong><em>varietate</em></strong></span> <span class='ocrx_word' id='word_1_71' title='bbox 1052 1191 1203 1251; x_wconf 81' lang='lat' dir='ltr'><strong><em>orationem,</em></strong></span> <span class='ocrx_word' id='word_1_72' title='bbox 1219 1204 1289 1240; x_wconf 85' lang='lat' dir='ltr'><strong><em>more</em></strong></span> <span class='ocrx_word' id='word_1_73' title='bbox 1306 1207 1362 1253; x_wconf 90' lang='lat' dir='ltr'><strong><em>sno,</em></strong></span> <span class='ocrx_word' id='word_1_74' title='bbox 1377 1192 1431 1241; x_wconf 83' lang='lat' dir='ltr'><strong><em>alia·</em></strong></span> 
     </span>
     <span class='ocr_line' id='line_1_9' title="bbox 327 1252 1431 1314; baseline 0.003 -13"><span class='ocrx_word' id='word_1_75' title='bbox 327 1254 415 1304; x_wconf 84' lang='lat' dir='ltr'><strong><em>tinxit.</em></strong></span> <span class='ocrx_word' id='word_1_76' title='bbox 433 1255 531 1303; x_wconf 85' lang='lat' dir='ltr'><strong><em>Eadem</em></strong></span> <span class='ocrx_word' id='word_1_77' title='bbox 542 1254 673 1302; x_wconf 87' lang='lat' dir='ltr'><strong><em>brevitate</em></strong></span> <span class='ocrx_word' id='word_1_78' title='bbox 685 1252 838 1312; x_wconf 65' lang='lat' dir='ltr'><strong><em>dixiaaecde</em></strong></span> <span class='ocrx_word' id='word_1_79' title='bbox 845 1265 869 1301; x_wconf 83' lang='lat' dir='ltr'><strong><em>te</em></strong></span> <span class='ocrx_word' id='word_1_80' title='bbox 878 1252 1002 1314; x_wconf 64' lang='lat' dir='ltr'><strong><em>moderere,</em></strong></span> <span class='ocrx_word' id='word_1_81' title='bbox 1011 1255 1111 1303; x_wconf 77' lang='lat' dir='ltr'><strong><em>conscios</em></strong></span> <span class='ocrx_word' id='word_1_82' title='bbox 1121 1270 1167 1303; x_wconf 78' lang='lat' dir='ltr'><strong><em>noo</em></strong></span> <span class='ocrx_word' id='word_1_83' title='bbox 1177 1255 1261 1303; x_wconf 77' lang='lat' dir='ltr'><strong><em>edidit.</em></strong></span> <span class='ocrx_word' id='word_1_84' title='bbox 1284 1256 1328 1304; x_wconf 84' lang='lat' dir='ltr'><strong><em>Sic</em></strong></span> <span class='ocrx_word' id='word_1_85' title='bbox 1338 1256 1431 1304; x_wconf 80' lang='lat' dir='ltr'><strong><em>Floras</em></strong></span> 
     </span>
     <span class='ocr_line' id='line_1_10' title="bbox 328 1313 1431 1380; baseline 0.003 -15"><span class='ocrx_word' id='word_1_86' title='bbox 328 1331 347 1365; x_wconf 88' lang='grc' dir='ltr'><strong><em>ι.</em></strong></span> <span class='ocrx_word' id='word_1_87' title='bbox 360 1322 383 1367; x_wconf 89' lang='lat'><strong><em>1.</em></strong></span> <span class='ocrx_word' id='word_1_88' title='bbox 401 1316 478 1367; x_wconf 85' lang='lat' dir='ltr'><strong><em>‘Hoc</em></strong></span> <span class='ocrx_word' id='word_1_89' title='bbox 489 1316 523 1366; x_wconf 88' lang='lat' dir='ltr'><strong><em>de</em></strong></span> <span class='ocrx_word' id='word_1_90' title='bbox 534 1330 562 1365; x_wconf 83' lang='lat' dir='ltr'><strong><em>ue</em></strong></span> <span class='ocrx_word' id='word_1_91' title='bbox 573 1316 691 1365; x_wconf 77' lang='lat' dir='ltr'><strong><em>sacerdos</em></strong></span> <span class='ocrx_word' id='word_1_92' title='bbox 704 1316 812 1380; x_wconf 75' lang='lat' dir='ltr'><strong><em>gravida</em></strong></span> <span class='ocrx_word' id='word_1_93' title='bbox 823 1313 941 1364; x_wconf 79' lang='lat' dir='ltr'><strong><em>confesse</em></strong></span> <span class='ocrx_word' id='word_1_94' title='bbox 952 1324 1002 1378; x_wconf 87' lang='lat' dir='ltr'><strong><em>est,</em></strong></span> <span class='ocrx_word' id='word_1_95' title='bbox 1013 1332 1062 1366; x_wconf 86' lang='lat' dir='ltr'><strong><em>nec</em></strong></span> <span class='ocrx_word' id='word_1_96' title='bbox 1071 1332 1130 1367; x_wconf 85' lang='lat' dir='ltr'><strong><em>mox</em></strong></span> <span class='ocrx_word' id='word_1_97' title='bbox 1142 1318 1211 1366; x_wconf 82' lang='lat' dir='ltr'><strong><em>fama</em></strong></span> <span class='ocrx_word' id='word_1_98' title='bbox 1222 1318 1369 1367; x_wconf 65' lang='lat' dir='ltr'><strong><em>dubitavit!</em></strong></span> <span class='ocrx_word' id='word_1_99' title='bbox 1392 1320 1431 1368; x_wconf 83' lang='lat' dir='ltr'><strong><em>Et</em></strong></span> 
     </span>
     <span class='ocr_line' id='line_1_11' title="bbox 326 1378 1430 1444; baseline 0 -13"><span class='ocrx_word' id='word_1_100' title='bbox 326 1380 409 1431; x_wconf 77' lang='lat' dir='ltr'><strong><em>Tacit.</em></strong></span> <span class='ocrx_word' id='word_1_101' title='bbox 430 1380 719 1432; x_wconf 56' lang='lat' dir='ltr'><strong><em>lunainduentur</em></strong></span> <span class='ocrx_word' id='word_1_102' title='bbox 737 1380 810 1429; x_wconf 70' lang='lat' dir='ltr'><strong><em>cede</em></strong></span> <span class='ocrx_word' id='word_1_103' title='bbox 828 1378 909 1443; x_wconf 81' lang='lat' dir='ltr'><strong><em>Syllae</em></strong></span> <span class='ocrx_word' id='word_1_104' title='bbox 929 1380 1068 1444; x_wconf 72' lang='lat' dir='ltr'><strong>Plautique</strong></span> <span class='ocrx_word' id='word_1_105' title='bbox 1087 1381 1155 1430; x_wconf 82' lang='lat' dir='ltr'><strong><em>haud</em></strong></span> <span class='ocrx_word' id='word_1_106' title='bbox 1175 1381 1430 1433; x_wconf 80' lang='lat' dir='ltr'><strong><em>confessus.’-Nass</em></strong></span> 
     </span>
     <span class='ocr_line' id='line_1_12' title="bbox 324 1443 1429 1510; baseline 0.001 -16"><span class='ocrx_word' id='word_1_107' title='bbox 324 1450 447 1509; x_wconf 74' lang='lat' dir='ltr'><strong><em>postquam</em></strong></span> <span class='ocrx_word' id='word_1_108' title='bbox 456 1447 579 1495; x_wconf 84' lang='lat' dir='ltr'><strong><em>tormentis</em></strong></span> <span class='ocrx_word' id='word_1_109' title='bbox 589 1444 758 1507; x_wconf 69' lang='lat' dir='ltr'><strong><em>dilaniabatur,</em></strong></span> <span class='ocrx_word' id='word_1_110' title='bbox 773 1444 803 1493; x_wconf 86' lang='lat' dir='ltr'><strong><em>de</em></strong></span> <span class='ocrx_word' id='word_1_111' title='bbox 812 1458 837 1493; x_wconf 84' lang='lat' dir='ltr'><strong><em>ee</em></strong></span> <span class='ocrx_word' id='word_1_112' title='bbox 850 1443 906 1492; x_wconf 80' lang='lat' dir='ltr'><strong><em>sori</em></strong></span> <span class='ocrx_word' id='word_1_113' title='bbox 907 1475 953 1493; x_wconf 86' lang='grc'><strong>.....</strong></span> <span class='ocrx_word' id='word_1_114' title='bbox 954 1446 1057 1494; x_wconf 59' lang='lat' dir='ltr'><strong><em>carmos</em></strong></span> <span class='ocrx_word' id='word_1_115' title='bbox 1066 1461 1113 1495; x_wconf 77' lang='lat' dir='ltr'><strong><em>aon</em></strong></span> <span class='ocrx_word' id='word_1_116' title='bbox 1123 1446 1207 1510; x_wconf 86' lang='lat' dir='ltr'><strong><em>edidit,</em></strong></span> <span class='ocrx_word' id='word_1_117' title='bbox 1224 1446 1339 1497; x_wconf 75' lang='lat' dir='ltr'><strong><em>incertam</em></strong></span> <span class='ocrx_word' id='word_1_118' title='bbox 1349 1461 1381 1496; x_wconf 80' lang='lat' dir='ltr'><strong><em>aa</em></strong></span> <span class='ocrx_word' id='word_1_119' title='bbox 1390 1461 1429 1495; x_wconf 87' lang='lat' dir='ltr'><strong><em>or-</em></strong></span> 
     </span>
    </p>
   </div>
   <div class='ocr_carea' id='block_1_6' title="bbox 825 1537 935 1589">
    <p class='ocr_par' dir='ltr' id='par_1_6' title="bbox 825 1537 935 1589">
     <span class='ocr_line' id='line_1_13' title="bbox 825 1537 935 1589; baseline -0.009 0"><span class='ocrx_word' id='word_1_120' title='bbox 825 1537 935 1589; x_wconf 73' lang='lat' dir='ltr'><strong><em>Nom</em></strong></span> 
     </span>
    </p>
   </div>
   <div class='ocr_carea' id='block_1_7' title="bbox 316 1633 1432 4331">
    <p class='ocr_par' dir='ltr' id='par_1_7' title="bbox 316 1633 1432 4331">
     <span class='ocr_line' id='line_1_14' title="bbox 325 1633 1429 1702; baseline 0.002 -19"><span class='ocrx_word' id='word_1_121' title='bbox 325 1634 464 1698; x_wconf 77' lang='lat' dir='ltr'><strong><em>lslaetireo]</em></strong></span> <span class='ocrx_word' id='word_1_122' title='bbox 481 1637 605 1687; x_wconf 77' lang='lat' dir='ltr'><strong><em>Attamen</em></strong></span> <span class='ocrx_word' id='word_1_123' title='bbox 616 1638 679 1689; x_wconf 79' lang='lat' dir='ltr'><strong><em>talis</em></strong></span> <span class='ocrx_word' id='word_1_124' title='bbox 689 1637 856 1702; x_wconf 72' lang='lat' dir='ltr'><strong><em>precavebat</em></strong></span> <span class='ocrx_word' id='word_1_125' title='bbox 895 1642 973 1702; x_wconf 79' lang='lat' dir='ltr'><strong><em>atque</em></strong></span> <span class='ocrx_word' id='word_1_126' title='bbox 981 1637 1017 1700; x_wconf 77' lang='lat' dir='ltr'><strong><em>iel,</em></strong></span> <span class='ocrx_word' id='word_1_127' title='bbox 1025 1638 1058 1686; x_wconf 86' lang='lat' dir='ltr'><strong><em>ab</em></strong></span> <span class='ocrx_word' id='word_1_128' title='bbox 1067 1652 1098 1688; x_wconf 84' lang='lat' dir='ltr'><strong><em>eo</em></strong></span> <span class='ocrx_word' id='word_1_129' title='bbox 1109 1644 1250 1700; x_wconf 87' lang='lat' dir='ltr'><strong><em>ostensum,</em></strong></span> <span class='ocrx_word' id='word_1_130' title='bbox 1257 1637 1382 1700; x_wconf 78' lang='lat' dir='ltr'><strong><em>deinceps</em></strong></span> <span class='ocrx_word' id='word_1_131' title='bbox 1393 1633 1429 1685; x_wconf 79' lang='lat' dir='ltr'><strong><em>etl</em></strong></span> 
     </span>
     <span class='ocr_line' id='line_1_15' title="bbox 324 1710 1431 1765; baseline 0.001 -5"><span class='ocrx_word' id='word_1_132' title='bbox 324 1710 462 1761; x_wconf 85' lang='lat' dir='ltr'><strong><em>admodum</em></strong></span> <span class='ocrx_word' id='word_1_133' title='bbox 480 1713 610 1763; x_wconf 87' lang='lat' dir='ltr'><strong><em>Claudius.</em></strong></span> <span class='ocrx_word' id='word_1_134' title='bbox 634 1716 741 1765; x_wconf 88' lang='lat' dir='ltr'><strong><em>Suetoo.</em></strong></span> <span class='ocrx_word' id='word_1_135' title='bbox 763 1713 855 1764; x_wconf 86' lang='lat' dir='ltr'><strong><em>Claud.</em></strong></span> <span class='ocrx_word' id='word_1_136' title='bbox 894 1712 944 1762; x_wconf 83' lang='lat' dir='ltr'><strong><em>hoc</em></strong></span> <span class='ocrx_word' id='word_1_137' title='bbox 961 1714 1012 1763; x_wconf 76' lang='lat' dir='ltr'><strong><em>ieri</em></strong></span> <span class='ocrx_word' id='word_1_138' title='bbox 1029 1716 1166 1765; x_wconf 69' lang='lat' dir='ltr'><strong><em>senator!</em></strong></span> <span class='ocrx_word' id='word_1_139' title='bbox 1191 1714 1230 1764; x_wconf 78' lang='lat' dir='ltr'><strong><em>Aa</em></strong></span> <span class='ocrx_word' id='word_1_140' title='bbox 1240 1713 1365 1763; x_wconf 76' lang='lat' dir='ltr'><strong><em>scrutatio</em></strong></span> <span class='ocrx_word' id='word_1_141' title='bbox 1382 1711 1431 1761; x_wconf 80' lang='lat' dir='ltr'><strong><em>illa</em></strong></span> 
     </span>
     <span class='ocr_line' id='line_1_16' title="bbox 325 1785 1431 1857; baseline -0.002 -22"><span class='ocrx_word' id='word_1_142' title='bbox 325 1791 366 1837; x_wconf 80' lang='lat' dir='ltr'><strong><em>tt.</em></strong></span> <span class='ocrx_word' id='word_1_143' title='bbox 392 1787 504 1839; x_wconf 84' lang='lat' dir='ltr'><strong><em>‘Primis</em></strong></span> <span class='ocrx_word' id='word_1_144' title='bbox 526 1789 629 1854; x_wconf 85' lang='lat' dir='ltr'><strong><em>imperii</em></strong></span> <span class='ocrx_word' id='word_1_145' title='bbox 651 1790 749 1853; x_wconf 86' lang='lat' dir='ltr'><strong><em>diebus,</em></strong></span> <span class='ocrx_word' id='word_1_146' title='bbox 776 1804 856 1855; x_wconf 83' lang='lat' dir='ltr'><strong><em>qaan—</em></strong></span> <span class='ocrx_word' id='word_1_147' title='bbox 895 1788 1008 1848; x_wconf 78' lang='lat' dir='ltr'><strong><em>amulam</em></strong></span> <span class='ocrx_word' id='word_1_148' title='bbox 1034 1804 1084 1853; x_wconf 83' lang='lat' dir='ltr'><strong><em>por</em></strong></span> <span class='ocrx_word' id='word_1_149' title='bbox 1110 1788 1299 1857; x_wconf 74' lang='lat' dir='ltr'><strong><em>Vespasianum</em></strong></span> <span class='ocrx_word' id='word_1_150' title='bbox 1324 1785 1431 1836; x_wconf 82' lang='lat' dir='ltr'><strong><em>sublata</em></strong></span> 
     </span>
     <span class='ocr_line' id='line_1_17' title="bbox 325 1864 945 1929; baseline 0.003 -18"><span class='ocrx_word' id='word_1_151' title='bbox 325 1876 410 1926; x_wconf 80' lang='lat' dir='ltr'><strong><em>quarn,</em></strong></span> <span class='ocrx_word' id='word_1_152' title='bbox 418 1870 448 1915; x_wconf 82' lang='lat' dir='ltr'><strong><em>ut</em></strong></span> <span class='ocrx_word' id='word_1_153' title='bbox 459 1864 578 1927; x_wconf 86' lang='lat' dir='ltr'><strong><em>diximus,</em></strong></span> <span class='ocrx_word' id='word_1_154' title='bbox 581 1866 699 1929; x_wconf 85' lang='lat' dir='ltr'><strong><em>jactator</em></strong></span> <span class='ocrx_word' id='word_1_155' title='bbox 710 1866 855 1929; x_wconf 83' lang='lat' dir='ltr'><strong><em>civilitatis,</em></strong></span> <span class='ocrx_word' id='word_1_156' title='bbox 894 1870 945 1914; x_wconf 88' lang='lat' dir='ltr'><strong><em>est.</em></strong></span> 
     </span>
     <span class='ocr_line' id='line_1_18' title="bbox 323 1936 1429 2008; baseline -0.001 -21"><span class='ocrx_word' id='word_1_157' title='bbox 323 1953 408 2004; x_wconf 86' lang='lat' dir='ltr'><strong><em>neque</em></strong></span> <span class='ocrx_word' id='word_1_158' title='bbox 418 1940 536 1991; x_wconf 82' lang='lat' dir='ltr'><strong><em>convivis</em></strong></span> <span class='ocrx_word' id='word_1_159' title='bbox 547 1942 754 2003; x_wconf 83' lang='lat' dir='ltr'><strong><em>inireansnsest,</em></strong></span> <span class='ocrx_word' id='word_1_160' title='bbox 765 1942 814 1991; x_wconf 85' lang='lat' dir='ltr'><strong><em>nisi</em></strong></span> <span class='ocrx_word' id='word_1_161' title='bbox 824 1947 855 1993; x_wconf 90' lang='lat' dir='ltr'><strong><em>ut</em></strong></span> <span class='ocrx_word' id='word_1_162' title='bbox 926 1941 1025 1992; x_wconf 75' lang='lat' dir='ltr'><strong><em>Mansit</em></strong></span> <span class='ocrx_word' id='word_1_163' title='bbox 1044 1942 1126 2008; x_wconf 73' lang='lat' dir='ltr'><strong><em>igitur</em></strong></span> <span class='ocrx_word' id='word_1_164' title='bbox 1143 1942 1176 1993; x_wconf 81' lang='lat' dir='ltr'><strong><em>alc</em></strong></span> <span class='ocrx_word' id='word_1_165' title='bbox 1192 1940 1333 1992; x_wconf 75' lang='lat' dir='ltr'><strong><em>militium:</em></strong></span> <span class='ocrx_word' id='word_1_166' title='bbox 1349 1942 1378 1988; x_wconf 81' lang='lat' dir='ltr'><strong><em>tlt</em></strong></span> <span class='ocrx_word' id='word_1_167' title='bbox 1394 1936 1429 1987; x_wconf 82' lang='lat' dir='ltr'><strong><em>(le</em></strong></span> 
     </span>
     <span class='ocr_line' id='line_1_19' title="bbox 322 2012 1431 2082; baseline 0.004 -21"><span class='ocrx_word' id='word_1_168' title='bbox 322 2012 491 2076; x_wconf 70' lang='lat' dir='ltr'><strong><em>spiculatores</em></strong></span> <span class='ocrx_word' id='word_1_169' title='bbox 511 2030 570 2067; x_wconf 84' lang='lat' dir='ltr'><strong><em>cum</em></strong></span> <span class='ocrx_word' id='word_1_170' title='bbox 588 2017 687 2067; x_wconf 84' lang='lat' dir='ltr'><strong><em>lanceis</em></strong></span> <span class='ocrx_word' id='word_1_171' title='bbox 707 2017 854 2068; x_wconf 86' lang='lat' dir='ltr'><strong><em>circumsta-</em></strong></span> <span class='ocrx_word' id='word_1_172' title='bbox 893 2022 1052 2073; x_wconf 85' lang='lat' dir='ltr'><strong><em>acratntiona</em></strong></span> <span class='ocrx_word' id='word_1_173' title='bbox 1093 2019 1268 2082; x_wconf 74' lang='lat' dir='ltr'><strong><em>Varpmlmm</em></strong></span> <span class='ocrx_word' id='word_1_174' title='bbox 1312 2015 1431 2067; x_wconf 73' lang='lat' dir='ltr'><strong><em>sustulit.</em></strong></span> 
     </span>
     <span class='ocr_line' id='line_1_20' title="bbox 324 2088 1430 2155; baseline 0.005 -19"><span class='ocrx_word' id='word_1_175' title='bbox 324 2095 393 2152; x_wconf 89' lang='lat' dir='ltr'><strong><em>rent,</em></strong></span> <span class='ocrx_word' id='word_1_176' title='bbox 423 2089 568 2155; x_wconf 80' lang='lat' dir='ltr'><strong><em>militesque</em></strong></span> <span class='ocrx_word' id='word_1_177' title='bbox 595 2092 652 2141; x_wconf 85' lang='lat' dir='ltr'><strong><em>vice</em></strong></span> <span class='ocrx_word' id='word_1_178' title='bbox 679 2094 854 2143; x_wconf 83' lang='lat' dir='ltr'><strong><em>miniatrorum</em></strong></span> <span class='ocrx_word' id='word_1_179' title='bbox 894 2096 973 2147; x_wconf 84' lang='lat' dir='ltr'><strong><em>Quod</em></strong></span> <span class='ocrx_word' id='word_1_180' title='bbox 985 2096 1043 2144; x_wconf 84' lang='lat' dir='ltr'><strong><em>ride</em></strong></span> <span class='ocrx_word' id='word_1_181' title='bbox 1057 2096 1083 2133; x_wconf 76' lang='lat' dir='ltr'><strong><em>in</em></strong></span> <span class='ocrx_word' id='word_1_182' title='bbox 1098 2092 1223 2151; x_wconf 53' lang='lat' dir='ltr'><strong><em>&amp;etwi-</em></strong></span> <span class='ocrx_word' id='word_1_183' title='bbox 1238 2092 1318 2136; x_wconf 64' lang='grc' dir='ltr'><strong><em>0·ῑῆ</em></strong></span> <span class='ocrx_word' id='word_1_184' title='bbox 1336 2096 1366 2135; x_wconf 85' lang='lat' dir='ltr'><strong><em>et</em></strong></span> <span class='ocrx_word' id='word_1_185' title='bbox 1384 2088 1430 2139; x_wconf 66' lang='lat' dir='ltr'><strong><em>fue</em></strong></span> 
     </span>
     <span class='ocr_line' id='line_1_21' title="bbox 321 2154 1431 2233; baseline 0.005 -25"><span class='ocrx_word' id='word_1_186' title='bbox 321 2161 701 2231; x_wconf 68' lang='lat' dir='ltr'><strong><em>fungercnmrcnequeaegrum</em></strong></span> <span class='ocrx_word' id='word_1_187' title='bbox 708 2180 853 2233; x_wconf 61' lang='lat' dir='ltr'><strong><em>quendum</em></strong></span> <span class='ocrx_word' id='word_1_188' title='bbox 893 2170 927 2208; x_wconf 72' lang='lat' dir='ltr'><strong><em>ab</em></strong></span> <span class='ocrx_word' id='word_1_189' title='bbox 944 2164 1001 2209; x_wconf 65' lang='lat'>1⁸11!</span> <span class='ocrx_word' id='word_1_190' title='bbox 1018 2158 1111 2207; x_wconf 73' lang='lat' dir='ltr'><strong><em>lucem.</em></strong></span> <span class='ocrx_word' id='word_1_191' title='bbox 1142 2154 1202 2204; x_wconf 70' lang='lat' dir='ltr'><strong><em>Mt!</em></strong></span> <span class='ocrx_word' id='word_1_192' title='bbox 1221 2155 1272 2206; x_wconf 70' lang='lat' dir='ltr'><strong><em>itte</em></strong></span> <span class='ocrx_word' id='word_1_193' title='bbox 1291 2162 1431 2214; x_wconf 83' lang='lat' dir='ltr'><strong><em>scrutandi</em></strong></span> 
     </span>
     <span class='ocr_line' id='line_1_22' title="bbox 322 2228 1431 2305; baseline -0.005 -15"><span class='ocrx_word' id='word_1_194' title='bbox 322 2236 446 2300; x_wconf 69' lang='lat' dir='ltr'><strong><em>visitavit,</em></strong></span> <span class='ocrx_word' id='word_1_195' title='bbox 463 2238 739 2305; x_wconf 58' lang='lat' dir='ltr'><strong><em>nlaiexplornmfrns</em></strong></span> <span class='ocrx_word' id='word_1_196' title='bbox 751 2228 855 2283; x_wconf 66' lang='lat' dir='ltr'><strong><em>tibica·</em></strong></span> <span class='ocrx_word' id='word_1_197' title='bbox 894 2240 977 2297; x_wconf 85' lang='lat' dir='ltr'><strong><em>retus,</em></strong></span> <span class='ocrx_word' id='word_1_198' title='bbox 997 2240 1025 2283; x_wconf 87' lang='lat' dir='ltr'><strong><em>et</em></strong></span> <span class='ocrx_word' id='word_1_199' title='bbox 1048 2231 1148 2283; x_wconf 70' lang='lat' dir='ltr'><strong><em>oredo</em></strong></span> <span class='ocrx_word' id='word_1_200' title='bbox 1172 2244 1284 2297; x_wconf 84' lang='lat' dir='ltr'><strong><em>quoqne.</em></strong></span> <span class='ocrx_word' id='word_1_201' title='bbox 1326 2233 1431 2299; x_wconf 69' lang='lat' dir='ltr'><strong><em>Tangit</em></strong></span> 
     </span>
     <span class='ocr_line' id='line_1_23' title="bbox 322 2305 1432 2377; baseline -0.002 -20"><span class='ocrx_word' id='word_1_202' title='bbox 322 2311 356 2372; x_wconf 91' lang='lat' dir='ltr'><strong><em>lo,</em></strong></span> <span class='ocrx_word' id='word_1_203' title='bbox 376 2312 526 2369; x_wconf 53' lang='lat' dir='ltr'><strong><em>nutritive</em></strong></span> <span class='ocrx_word' id='word_1_204' title='bbox 537 2310 565 2355; x_wconf 88' lang='lat' dir='ltr'><strong><em>et</em></strong></span> <span class='ocrx_word' id='word_1_205' title='bbox 580 2307 702 2371; x_wconf 55' lang='lat' dir='ltr'><strong><em>strssulis</em></strong></span> <span class='ocrx_word' id='word_1_206' title='bbox 713 2315 853 2371; x_wconf 73' lang='lat' dir='ltr'><strong><em>pretenta·</em></strong></span> <span class='ocrx_word' id='word_1_207' title='bbox 893 2310 1048 2360; x_wconf 76' lang='lat' dir='ltr'><strong><em>Plutarchus</em></strong></span> <span class='ocrx_word' id='word_1_208' title='bbox 1059 2308 1087 2357; x_wconf 90' lang='lat' dir='ltr'><strong><em>in</em></strong></span> <span class='ocrx_word' id='word_1_209' title='bbox 1093 2305 1264 2371; x_wconf 73' lang='lat' dir='ltr'><strong><em>limoleonte,</em></strong></span> <span class='ocrx_word' id='word_1_210' title='bbox 1275 2306 1319 2359; x_wconf 82' lang='lat' dir='ltr'><strong><em>nbi</em></strong></span> <span class='ocrx_word' id='word_1_211' title='bbox 1328 2310 1432 2377; x_wconf 76' lang='lat' dir='ltr'><strong><em>Diony.</em></strong></span> 
     </span>
     <span class='ocr_line' id='line_1_24' title="bbox 320 2378 1428 2449; baseline 0.005 -18"><span class='ocrx_word' id='word_1_212' title='bbox 320 2384 354 2431; x_wconf 84' lang='lat' dir='ltr'><strong><em>tls</em></strong></span> <span class='ocrx_word' id='word_1_213' title='bbox 375 2382 405 2429; x_wconf 87' lang='lat' dir='ltr'><strong><em>et</em></strong></span> <span class='ocrx_word' id='word_1_214' title='bbox 423 2378 554 2429; x_wconf 80' lang='lat' dir='ltr'><strong><em>excussis:</em></strong></span> <span class='ocrx_word' id='word_1_215' title='bbox 573 2381 672 2445; x_wconf 85' lang='lat' dir='ltr'><strong><em>reliquo</em></strong></span> <span class='ocrx_word' id='word_1_216' title='bbox 689 2388 776 2432; x_wconf 87' lang='lat' dir='ltr'><strong><em>autem</em></strong></span> <span class='ocrx_word' id='word_1_217' title='bbox 788 2389 852 2432; x_wconf 86' lang='lat' dir='ltr'><strong><em>tern-</em></strong></span> <span class='ocrx_word' id='word_1_218' title='bbox 892 2382 957 2431; x_wconf 87' lang='lat' dir='ltr'><strong><em>sium</em></strong></span> <span class='ocrx_word' id='word_1_219' title='bbox 965 2384 1022 2445; x_wconf 86' lang='lat' dir='ltr'><strong><em>jam</em></strong></span> <span class='ocrx_word' id='word_1_220' title='bbox 1031 2382 1143 2444; x_wconf 82' lang='lat' dir='ltr'><strong><em>exulem,</em></strong></span> <span class='ocrx_word' id='word_1_221' title='bbox 1161 2381 1263 2431; x_wconf 86' lang='lat' dir='ltr'><strong><em>irrisum</em></strong></span> <span class='ocrx_word' id='word_1_222' title='bbox 1282 2386 1428 2449; x_wconf 82' lang='lat' dir='ltr'><strong><em>aquodam</em></strong></span> 
     </span>
     <span class='ocr_line' id='line_1_25' title="bbox 322 2453 1427 2522; baseline 0.007 -19"><span class='ocrx_word' id='word_1_223' title='bbox 322 2466 385 2519; x_wconf 89' lang='lat' dir='ltr'><strong><em>pore</em></strong></span> <span class='ocrx_word' id='word_1_224' title='bbox 396 2453 853 2519; x_wconf 82' lang='lat' dir='ltr'><strong><em>salutatoribuescrutntorersemper</em></strong></span> <span class='ocrx_word' id='word_1_225' title='bbox 890 2457 936 2520; x_wconf 84' lang='lat' dir='ltr'><strong><em>ait,</em></strong></span> <span class='ocrx_word' id='word_1_226' title='bbox 951 2458 1012 2522; x_wconf 86' lang='lat' dir='ltr'><strong><em>‘qai</em></strong></span> <span class='ocrx_word' id='word_1_227' title='bbox 1022 2458 1122 2507; x_wconf 87' lang='lat' dir='ltr'><strong><em>lntraus</em></strong></span> <span class='ocrx_word' id='word_1_228' title='bbox 1135 2459 1167 2507; x_wconf 84' lang='lat' dir='ltr'><strong><em>ad</em></strong></span> <span class='ocrx_word' id='word_1_229' title='bbox 1183 2472 1251 2520; x_wconf 82' lang='lat' dir='ltr'><strong><em>enm,</em></strong></span> <span class='ocrx_word' id='word_1_230' title='bbox 1267 2466 1365 2511; x_wconf 86' lang='lat' dir='ltr'><strong><em>vestem</em></strong></span> <span class='ocrx_word' id='word_1_231' title='bbox 1382 2476 1427 2511; x_wconf 81' lang='lat' dir='ltr'><strong><em>ex·</em></strong></span> 
     </span>
     <span class='ocr_line' id='line_1_26' title="bbox 321 2529 1426 2597; baseline 0.009 -18"><span class='ocrx_word' id='word_1_232' title='bbox 321 2530 450 2595; x_wconf 82' lang='lat' dir='ltr'><strong><em>apposuit,</em></strong></span> <span class='ocrx_word' id='word_1_233' title='bbox 458 2535 486 2580; x_wconf 88' lang='lat' dir='ltr'><strong><em>et</em></strong></span> <span class='ocrx_word' id='word_1_234' title='bbox 496 2529 599 2593; x_wconf 87' lang='lat' dir='ltr'><strong><em>quidem</em></strong></span> <span class='ocrx_word' id='word_1_235' title='bbox 607 2530 733 2593; x_wconf 87' lang='lat' dir='ltr'><strong><em>omnibns,</em></strong></span> <span class='ocrx_word' id='word_1_236' title='bbox 741 2538 770 2580; x_wconf 91' lang='lat' dir='ltr'><strong><em>et</em></strong></span> <span class='ocrx_word' id='word_1_237' title='bbox 779 2543 852 2583; x_wconf 82' lang='lat' dir='ltr'><strong><em>acer·</em></strong></span> <span class='ocrx_word' id='word_1_238' title='bbox 892 2532 982 2594; x_wconf 80' lang='lat' dir='ltr'><strong><em>cauit,</em></strong></span> <span class='ocrx_word' id='word_1_239' title='bbox 1000 2539 1030 2583; x_wconf 91' lang='lat' dir='ltr'><strong><em>ut</em></strong></span> <span class='ocrx_word' id='word_1_240' title='bbox 1049 2533 1166 2597; x_wconf 51' lang='lat' dir='ltr'><strong><em>&amp;renuis</em></strong></span> <span class='ocrx_word' id='word_1_241' title='bbox 1185 2532 1244 2584; x_wconf 78' lang='lat' dir='ltr'><strong><em>fleri</em></strong></span> <span class='ocrx_word' id='word_1_242' title='bbox 1259 2534 1346 2585; x_wconf 68' lang='lat' dir='ltr'><strong><em>nolet:</em></strong></span> <span class='ocrx_word' id='word_1_243' title='bbox 1376 2536 1426 2589; x_wconf 74' lang='lat' dir='ltr'><strong><em>Io·</em></strong></span> 
     </span>
     <span class='ocr_line' id='line_1_27' title="bbox 321 2604 1214 2671; baseline 0.003 -16"><span class='ocrx_word' id='word_1_244' title='bbox 321 2606 449 2656; x_wconf 83' lang='lat' dir='ltr'><strong><em>bissimos.</em></strong></span> <span class='ocrx_word' id='word_1_245' title='bbox 479 2606 544 2657; x_wconf 85' lang='lat' dir='ltr'><strong><em>Sero</em></strong></span> <span class='ocrx_word' id='word_1_246' title='bbox 566 2606 634 2655; x_wconf 82' lang='lat' dir='ltr'><strong><em>caim</em></strong></span> <span class='ocrx_word' id='word_1_247' title='bbox 648 2620 678 2655; x_wconf 86' lang='lat' dir='ltr'><strong><em>sc</em></strong></span> <span class='ocrx_word' id='word_1_248' title='bbox 689 2606 732 2655; x_wconf 82' lang='lat' dir='ltr'><strong><em>vix</em></strong></span> <span class='ocrx_word' id='word_1_249' title='bbox 744 2604 852 2668; x_wconf 87' lang='lat' dir='ltr'><strong><em>remisit,</em></strong></span> <span class='ocrx_word' id='word_1_250' title='bbox 891 2614 1046 2658; x_wconf 86' lang='lat' dir='ltr'><strong><em>cumtotam</em></strong></span> <span class='ocrx_word' id='word_1_251' title='bbox 1056 2608 1127 2660; x_wconf 73' lang='lat' dir='ltr'><strong><em>vide,</em></strong></span> <span class='ocrx_word' id='word_1_252' title='bbox 1146 2605 1214 2671; x_wconf 67' lang='lat' dir='ltr'><strong><em>lips.</em></strong></span> 
     </span>
     <span class='ocr_line' id='line_1_28' title="bbox 320 2678 1425 2747; baseline 0 -14"><span class='ocrx_word' id='word_1_253' title='bbox 320 2696 353 2733; x_wconf 86' lang='lat' dir='ltr'><strong><em>uc</em></strong></span> <span class='ocrx_word' id='word_1_254' title='bbox 372 2678 483 2732; x_wconf 76' lang='lat' dir='ltr'><strong><em>ioemiuae</em></strong></span> <span class='ocrx_word' id='word_1_255' title='bbox 504 2682 707 2747; x_wconf 74' lang='lat' dir='ltr'><strong><em>praetextatique</em></strong></span> <span class='ocrx_word' id='word_1_256' title='bbox 727 2680 802 2745; x_wconf 87' lang='lat' dir='ltr'><strong><em>pueri</em></strong></span> <span class='ocrx_word' id='word_1_257' title='bbox 823 2686 852 2731; x_wconf 88' lang='lat' dir='ltr'><strong><em>et</em></strong></span> <span class='ocrx_word' id='word_1_258' title='bbox 924 2684 956 2733; x_wconf 78' lang='lat' dir='ltr'><strong><em>la</em></strong></span> <span class='ocrx_word' id='word_1_259' title='bbox 975 2687 1037 2732; x_wconf 76' lang='lat' dir='ltr'><strong><em>roda</em></strong></span> <span class='ocrx_word' id='word_1_260' title='bbox 1055 2681 1224 2745; x_wconf 68' lang='lat' dir='ltr'><strong><em>utdmtitn]</em></strong></span> <span class='ocrx_word' id='word_1_261' title='bbox 1255 2680 1336 2732; x_wconf 83' lang='lat' dir='ltr'><strong><em>Mene</em></strong></span> <span class='ocrx_word' id='word_1_262' title='bbox 1358 2681 1425 2733; x_wconf 81' lang='lat' dir='ltr'><strong><em>salu·</em></strong></span> 
     </span>
     <span class='ocr_line' id='line_1_29' title="bbox 321 2755 1424 2823; baseline 0 -16"><span class='ocrx_word' id='word_1_263' title='bbox 321 2757 415 2821; x_wconf 80' lang='lat' dir='ltr'><strong><em>puelloe</em></strong></span> <span class='ocrx_word' id='word_1_264' title='bbox 428 2764 663 2819; x_wconf 81' lang='lat' dir='ltr'><strong><em>contrectarentur,</em></strong></span> <span class='ocrx_word' id='word_1_265' title='bbox 679 2763 707 2806; x_wconf 89' lang='lat' dir='ltr'><strong><em>et</em></strong></span> <span class='ocrx_word' id='word_1_266' title='bbox 722 2768 755 2805; x_wconf 86' lang='lat' dir='ltr'><strong><em>ue</em></strong></span> <span class='ocrx_word' id='word_1_267' title='bbox 770 2756 851 2809; x_wconf 82' lang='lat' dir='ltr'><strong><em>cnivis</em></strong></span> <span class='ocrx_word' id='word_1_268' title='bbox 891 2756 985 2809; x_wconf 78' lang='lat' dir='ltr'><strong><em>tabant</em></strong></span> <span class='ocrx_word' id='word_1_269' title='bbox 1005 2757 1149 2823; x_wconf 85' lang='lat' dir='ltr'><strong><em>principem</em></strong></span> <span class='ocrx_word' id='word_1_270' title='bbox 1171 2757 1254 2817; x_wconf 84' lang='lat' dir='ltr'><strong><em>amici,</em></strong></span> <span class='ocrx_word' id='word_1_271' title='bbox 1278 2755 1323 2805; x_wconf 82' lang='lat' dir='ltr'><strong><em>sed</em></strong></span> <span class='ocrx_word' id='word_1_272' title='bbox 1351 2756 1424 2818; x_wconf 82' lang='lat' dir='ltr'><strong><em>prius</em></strong></span> 
     </span>
     <span class='ocr_line' id='line_1_30' title="bbox 321 2829 1426 2897; baseline 0.002 -16"><span class='ocrx_word' id='word_1_273' title='bbox 321 2832 466 2881; x_wconf 75' lang='lat' dir='ltr'><strong><em>comittunt</em></strong></span> <span class='ocrx_word' id='word_1_274' title='bbox 481 2830 585 2881; x_wconf 83' lang='lat' dir='ltr'><strong><em>librario</em></strong></span> <span class='ocrx_word' id='word_1_275' title='bbox 596 2830 724 2880; x_wconf 78' lang='lat' dir='ltr'><strong><em>calmnrie</em></strong></span> <span class='ocrx_word' id='word_1_276' title='bbox 736 2835 781 2881; x_wconf 91' lang='lat' dir='ltr'><strong><em>aut</em></strong></span> <span class='ocrx_word' id='word_1_277' title='bbox 793 2844 851 2895; x_wconf 79' lang='lat' dir='ltr'><strong><em>gra·</em></strong></span> <span class='ocrx_word' id='word_1_278' title='bbox 890 2833 1002 2897; x_wconf 72' lang='lat' dir='ltr'><strong><em>excusi,</em></strong></span> <span class='ocrx_word' id='word_1_279' title='bbox 1013 2847 1074 2882; x_wconf 89' lang='lat' dir='ltr'><strong><em>nam</em></strong></span> <span class='ocrx_word' id='word_1_280' title='bbox 1093 2831 1191 2882; x_wconf 81' lang='lat' dir='ltr'><strong><em>terrum</em></strong></span> <span class='ocrx_word' id='word_1_281' title='bbox 1207 2829 1254 2881; x_wconf 87' lang='lat' dir='ltr'><strong><em>sub</em></strong></span> <span class='ocrx_word' id='word_1_282' title='bbox 1271 2836 1344 2879; x_wconf 82' lang='lat' dir='ltr'><strong><em>veste</em></strong></span> <span class='ocrx_word' id='word_1_283' title='bbox 1360 2831 1426 2883; x_wconf 77' lang='lat' dir='ltr'><strong><em>tato</em></strong></span> 
     </span>
     <span class='ocr_line' id='line_1_31' title="bbox 320 2905 1425 2972; baseline 0 -15"><span class='ocrx_word' id='word_1_284' title='bbox 320 2906 424 2970; x_wconf 74' lang='lat' dir='ltr'><strong><em>phierius</em></strong></span> <span class='ocrx_word' id='word_1_285' title='bbox 436 2906 519 2956; x_wconf 73' lang='lat' dir='ltr'><strong><em>thece</em></strong></span> <span class='ocrx_word' id='word_1_286' title='bbox 529 2905 721 2955; x_wconf 71' lang='lat' dir='ltr'><strong><em>edlmerentur?</em></strong></span> <span class='ocrx_word' id='word_1_287' title='bbox 889 2915 943 2972; x_wconf 80' lang='lat' dir='ltr'><strong><em>ret,</em></strong></span> <span class='ocrx_word' id='word_1_288' title='bbox 955 2908 1034 2957; x_wconf 84' lang='lat' dir='ltr'><strong><em>etiem</em></strong></span> <span class='ocrx_word' id='word_1_289' title='bbox 1050 2906 1162 2957; x_wconf 80' lang='lat' dir='ltr'><strong><em>t‘oemiuae</em></strong></span> <span class='ocrx_word' id='word_1_290' title='bbox 1178 2906 1258 2971; x_wconf 79' lang='lat' dir='ltr'><strong><em>ipsae:</em></strong></span> <span class='ocrx_word' id='word_1_291' title='bbox 1275 2918 1352 2970; x_wconf 86' lang='lat' dir='ltr'><strong><em>quem</em></strong></span> <span class='ocrx_word' id='word_1_292' title='bbox 1369 2922 1425 2957; x_wconf 60' lang='lat' dir='ltr'><strong><em>moe</em></strong></span> 
     </span>
     <span class='ocr_line' id='line_1_32' title="bbox 354 2980 1427 3047; baseline 0.002 -14"><span class='ocrx_word' id='word_1_293' title='bbox 354 2984 427 3033; x_wconf 82' lang='lat' dir='ltr'><strong><em>Ferro</em></strong></span> <span class='ocrx_word' id='word_1_294' title='bbox 435 2982 687 3047; x_wconf 73' lang='lat' dir='ltr'><strong><em>ormdmrepen&#39;tar]</em></strong></span> <span class='ocrx_word' id='word_1_295' title='bbox 703 2980 767 3033; x_wconf 83' lang='lat' dir='ltr'><strong><em>Ideo</em></strong></span> <span class='ocrx_word' id='word_1_296' title='bbox 775 2980 852 3033; x_wconf 78' lang='lat' dir='ltr'><strong><em>Clen-</em></strong></span> <span class='ocrx_word' id='word_1_297' title='bbox 890 2998 946 3033; x_wconf 81' lang='lat' dir='ltr'><strong><em>rem</em></strong></span> <span class='ocrx_word' id='word_1_298' title='bbox 972 2983 1115 3037; x_wconf 75' lang='lat' dir='ltr'><strong><em>ulutantes</em></strong></span> <span class='ocrx_word' id='word_1_299' title='bbox 1144 2980 1294 3040; x_wconf 62' lang='lat' dir='ltr'><strong><em>excutiendi</em></strong></span> <span class='ocrx_word' id='word_1_300' title='bbox 1321 2983 1427 3035; x_wconf 87' lang='lat' dir='ltr'><strong><em>sustulit</em></strong></span> 
     </span>
     <span class='ocr_line' id='line_1_33' title="bbox 320 3056 1426 3124; baseline -0.002 -13"><span class='ocrx_word' id='word_1_301' title='bbox 320 3060 378 3111; x_wconf 89' lang='lat' dir='ltr'><strong><em>dius</em></strong></span> <span class='ocrx_word' id='word_1_302' title='bbox 401 3059 498 3124; x_wconf 87' lang='lat' dir='ltr'><strong><em>primus</em></strong></span> <span class='ocrx_word' id='word_1_303' title='bbox 518 3058 559 3120; x_wconf 87' lang='lat' dir='ltr'><strong><em>(ct</em></strong></span> <span class='ocrx_word' id='word_1_304' title='bbox 578 3058 687 3109; x_wconf 85' lang='lat' dir='ltr'><strong><em>fortasse</em></strong></span> <span class='ocrx_word' id='word_1_305' title='bbox 706 3058 755 3109; x_wconf 79' lang='lat' dir='ltr'><strong><em>luc</em></strong></span> <span class='ocrx_word' id='word_1_306' title='bbox 776 3073 851 3109; x_wconf 82' lang='lat' dir='ltr'><strong><em>occa-</em></strong></span> <span class='ocrx_word' id='word_1_307' title='bbox 890 3062 950 3110; x_wconf 79' lang='lat' dir='ltr'><strong><em>mox</em></strong></span> <span class='ocrx_word' id='word_1_308' title='bbox 966 3058 1154 3122; x_wconf 71' lang='lat' dir='ltr'><strong><em>Vespasianus,</em></strong></span> <span class='ocrx_word' id='word_1_309' title='bbox 1170 3056 1250 3108; x_wconf 86' lang='lat' dir='ltr'><strong><em>ctiam</em></strong></span> <span class='ocrx_word' id='word_1_310' title='bbox 1267 3057 1336 3107; x_wconf 87' lang='lat' dir='ltr'><strong><em>inter</em></strong></span> <span class='ocrx_word' id='word_1_311' title='bbox 1353 3071 1426 3114; x_wconf 81' lang='lat' dir='ltr'><strong><em>arma</em></strong></span> 
     </span>
     <span class='ocr_line' id='line_1_34' title="bbox 319 3130 1426 3201; baseline -0.001 -14"><span class='ocrx_word' id='word_1_312' title='bbox 319 3134 404 3201; x_wconf 88' lang='lat' dir='ltr'><strong><em>sione)</em></strong></span> <span class='ocrx_word' id='word_1_313' title='bbox 422 3142 579 3188; x_wconf 81' lang='lat' dir='ltr'><strong><em>scrrrtatores</em></strong></span> <span class='ocrx_word' id='word_1_314' title='bbox 597 3134 719 3197; x_wconf 83' lang='lat' dir='ltr'><strong><em>inatituit,</em></strong></span> <span class='ocrx_word' id='word_1_315' title='bbox 733 3134 778 3199; x_wconf 85' lang='lat' dir='ltr'><strong><em>qui</em></strong></span> <span class='ocrx_word' id='word_1_316' title='bbox 795 3148 853 3198; x_wconf 86' lang='lat' dir='ltr'><strong><em>pro·</em></strong></span> <span class='ocrx_word' id='word_1_317' title='bbox 891 3134 990 3186; x_wconf 83' lang='lat' dir='ltr'><strong><em>civilis:</em></strong></span> <span class='ocrx_word' id='word_1_318' title='bbox 1007 3130 1143 3185; x_wconf 83' lang='lat' dir='ltr'><strong><em>bonafide</em></strong></span> <span class='ocrx_word' id='word_1_319' title='bbox 1163 3132 1207 3181; x_wconf 88' lang='lat' dir='ltr'><strong><em>ille</em></strong></span> <span class='ocrx_word' id='word_1_320' title='bbox 1223 3130 1329 3199; x_wconf 79' lang='lat' dir='ltr'><strong><em>satoque</em></strong></span> <span class='ocrx_word' id='word_1_321' title='bbox 1340 3147 1426 3186; x_wconf 68' lang='lat' dir='ltr'><strong><em>susce</em></strong></span> 
     </span>
     <span class='ocr_line' id='line_1_35' title="bbox 320 3209 1221 3276; baseline -0.002 -15"><span class='ocrx_word' id='word_1_322' title='bbox 320 3212 418 3261; x_wconf 85' lang='lat' dir='ltr'><strong><em>misene</em></strong></span> <span class='ocrx_word' id='word_1_323' title='bbox 443 3224 542 3271; x_wconf 88' lang='lat' dir='ltr'><strong><em>omues,</em></strong></span> <span class='ocrx_word' id='word_1_324' title='bbox 564 3210 598 3259; x_wconf 85' lang='lat' dir='ltr'><strong><em>ad</em></strong></span> <span class='ocrx_word' id='word_1_325' title='bbox 621 3211 765 3275; x_wconf 83' lang='lat' dir='ltr'><strong><em>principem</em></strong></span> <span class='ocrx_word' id='word_1_326' title='bbox 786 3212 853 3261; x_wconf 83' lang='lat' dir='ltr'><strong><em>selu·</em></strong></span> <span class='ocrx_word' id='word_1_327' title='bbox 891 3211 935 3276; x_wconf 89' lang='lat' dir='ltr'><strong><em>pit</em></strong></span> <span class='ocrx_word' id='word_1_328' title='bbox 945 3210 1065 3276; x_wconf 77' lang='lat' dir='ltr'><strong><em>rexitque</em></strong></span> <span class='ocrx_word' id='word_1_329' title='bbox 1078 3209 1221 3273; x_wconf 76' lang='lat' dir='ltr'><strong><em>imperim.</em></strong></span> 
     </span>
     <span class='ocr_line' id='line_1_36' title="bbox 321 3281 1427 3352; baseline 0.001 -18"><span class='ocrx_word' id='word_1_330' title='bbox 321 3284 404 3347; x_wconf 86' lang='lat' dir='ltr'><strong><em>teudi,</em></strong></span> <span class='ocrx_word' id='word_1_331' title='bbox 415 3286 456 3337; x_wconf 87' lang='lat' dir='ltr'><strong><em>vel</em></strong></span> <span class='ocrx_word' id='word_1_332' title='bbox 475 3298 526 3349; x_wconf 80' lang='lat' dir='ltr'><strong><em>qun</em></strong></span> <span class='ocrx_word' id='word_1_333' title='bbox 542 3284 594 3334; x_wconf 85' lang='lat' dir='ltr'><strong><em>alia</em></strong></span> <span class='ocrx_word' id='word_1_334' title='bbox 612 3299 698 3347; x_wconf 81' lang='lat' dir='ltr'><strong><em>cause,</em></strong></span> <span class='ocrx_word' id='word_1_335' title='bbox 709 3286 852 3350; x_wconf 74' lang='lat' dir='ltr'><strong><em>venientes,</em></strong></span> <span class='ocrx_word' id='word_1_336' title='bbox 921 3293 931 3318; x_wconf 89' lang='grc'>·</span> <span class='ocrx_word' id='word_1_337' title='bbox 948 3288 991 3338; x_wconf 85' lang='lat' dir='ltr'><strong><em>Dc</em></strong></span> <span class='ocrx_word' id='word_1_338' title='bbox 1008 3288 1046 3352; x_wconf 87' lang='lat' dir='ltr'><strong><em>se]</em></strong></span> <span class='ocrx_word' id='word_1_339' title='bbox 1089 3285 1131 3341; x_wconf 76' lang='lat' dir='ltr'><strong><em>Sic</em></strong></span> <span class='ocrx_word' id='word_1_340' title='bbox 1143 3285 1222 3348; x_wconf 72' lang='lat' dir='ltr'><strong><em>vulgo</em></strong></span> <span class='ocrx_word' id='word_1_341' title='bbox 1233 3281 1345 3349; x_wconf 80' lang='lat' dir='ltr'><strong><em>legitur:</em></strong></span> <span class='ocrx_word' id='word_1_342' title='bbox 1362 3288 1427 3339; x_wconf 78' lang='lat' dir='ltr'><strong><em>dese</em></strong></span> 
     </span>
     <span class='ocr_line' id='line_1_37' title="bbox 320 3355 1426 3426; baseline 0.003 -17"><span class='ocrx_word' id='word_1_343' title='bbox 320 3366 482 3413; x_wconf 80' lang='lat' dir='ltr'><strong><em>excuterent</em></strong></span> <span class='ocrx_word' id='word_1_344' title='bbox 515 3360 666 3411; x_wconf 77' lang='lat' dir='ltr'><strong><em>Suetonius:</em></strong></span> <span class='ocrx_word' id='word_1_345' title='bbox 684 3360 851 3410; x_wconf 82' lang='lat' dir='ltr'><strong><em>‘salutatori-</em></strong></span> <span class='ocrx_word' id='word_1_346' title='bbox 890 3355 1133 3413; x_wconf 76' lang='lat' dir='ltr'><strong><em>Norica...aoserios.·</em></strong></span> <span class='ocrx_word' id='word_1_347' title='bbox 1151 3367 1180 3412; x_wconf 86' lang='lat' dir='ltr'><strong><em>ct</em></strong></span> <span class='ocrx_word' id='word_1_348' title='bbox 1195 3358 1426 3426; x_wconf 79' lang='lat' dir='ltr'><strong><em>iortcsicexpleri</em></strong></span> 
     </span>
     <span class='ocr_line' id='line_1_38' title="bbox 320 3434 1428 3499; baseline 0.003 -15"><span class='ocrx_word' id='word_1_349' title='bbox 320 3434 541 3486; x_wconf 79' lang='lat' dir='ltr'><strong><em>busscrutatores</em></strong></span> <span class='ocrx_word' id='word_1_350' title='bbox 560 3448 663 3499; x_wconf 85' lang='lat' dir='ltr'><strong><em>semper</em></strong></span> <span class='ocrx_word' id='word_1_351' title='bbox 679 3434 811 3498; x_wconf 80' lang='lat' dir='ltr'><strong><em>opposuit.</em></strong></span> <span class='ocrx_word' id='word_1_352' title='bbox 822 3439 852 3485; x_wconf 91' lang='lat' dir='ltr'><strong><em>et</em></strong></span> <span class='ocrx_word' id='word_1_353' title='bbox 890 3436 986 3497; x_wconf 82' lang='lat' dir='ltr'><strong><em>possit:</em></strong></span> <span class='ocrx_word' id='word_1_354' title='bbox 1003 3437 1043 3486; x_wconf 85' lang='lat' dir='ltr'><strong><em>De</em></strong></span> <span class='ocrx_word' id='word_1_355' title='bbox 1054 3452 1079 3487; x_wconf 79' lang='lat' dir='ltr'><strong><em>aa</em></strong></span> <span class='ocrx_word' id='word_1_356' title='bbox 1091 3436 1184 3487; x_wconf 72' lang='lat' dir='ltr'><strong><em>Norica</em></strong></span> <span class='ocrx_word' id='word_1_357' title='bbox 1193 3434 1428 3499; x_wconf 57' lang='lat' dir='ltr'><strong><em>wenemarus</em></strong></span> 
     </span>
     <span class='ocr_line' id='line_1_39' title="bbox 320 3500 1292 3575; baseline 0.001 -16"><span class='ocrx_word' id='word_1_358' title='bbox 320 3510 425 3575; x_wconf 78' lang='lat' dir='ltr'><strong><em>quidem</em></strong></span> <span class='ocrx_word' id='word_1_359' title='bbox 451 3509 577 3571; x_wconf 88' lang='lat' dir='ltr'><strong><em>omnibns,</em></strong></span> <span class='ocrx_word' id='word_1_360' title='bbox 598 3518 626 3559; x_wconf 89' lang='lat' dir='ltr'><strong><em>ct</em></strong></span> <span class='ocrx_word' id='word_1_361' title='bbox 653 3502 851 3561; x_wconf 59' lang='lat' dir='ltr'><strong><em>acutissimos?</em></strong></span> <span class='ocrx_word' id='word_1_362' title='bbox 889 3509 1161 3574; x_wconf 66' lang='lat' dir='ltr'><strong><em>meditatorio.</em></strong></span> <span class='ocrx_word' id='word_1_363' title='bbox 1289 3500 1292 3508; x_wconf 81' lang='grc'><strong>’</strong></span> 
     </span>
     <span class='ocr_line' id='line_1_40' title="bbox 320 3568 1427 3650; baseline -0.002 -15"><span class='ocrx_word' id='word_1_364' title='bbox 320 3588 392 3641; x_wconf 75' lang='lat' dir='ltr'><strong><em>Quor</em></strong></span> <span class='ocrx_word' id='word_1_365' title='bbox 405 3594 491 3636; x_wconf 79' lang='lat' dir='ltr'><strong><em>temen</em></strong></span> <span class='ocrx_word' id='word_1_366' title='bbox 507 3584 682 3649; x_wconf 76' lang='lat' dir='ltr'><strong><em>Vespasianus</em></strong></span> <span class='ocrx_word' id='word_1_367' title='bbox 693 3586 786 3633; x_wconf 88' lang='lat' dir='ltr'><strong><em>lterum</em></strong></span> <span class='ocrx_word' id='word_1_368' title='bbox 797 3596 850 3634; x_wconf 87' lang='lat' dir='ltr'><strong><em>sua·</em></strong></span> <span class='ocrx_word' id='word_1_369' title='bbox 922 3586 999 3635; x_wconf 87' lang='lat' dir='ltr'><strong><em>Dese</em></strong></span> <span class='ocrx_word' id='word_1_370' title='bbox 1017 3582 1258 3636; x_wconf 71' lang='lat' dir='ltr'><strong><em>Nonius-...contrito</em></strong></span> <span class='ocrx_word' id='word_1_371' title='bbox 1274 3598 1321 3633; x_wconf 76' lang='lat' dir='ltr'><strong><em>sors</em></strong></span> <span class='ocrx_word' id='word_1_372' title='bbox 1338 3568 1427 3650; x_wconf 76' lang='lat' dir='ltr'><strong><em>edidit]</em></strong></span> 
     </span>
     <span class='ocr_line' id='line_1_41' title="bbox 321 3658 1425 3727; baseline -0.002 -16"><span class='ocrx_word' id='word_1_373' title='bbox 321 3662 389 3727; x_wconf 88' lang='lat' dir='ltr'><strong><em>tulit,</em></strong></span> <span class='ocrx_word' id='word_1_374' title='bbox 407 3666 529 3712; x_wconf 80' lang='lat' dir='ltr'><strong><em>narrante</em></strong></span> <span class='ocrx_word' id='word_1_375' title='bbox 545 3661 636 3711; x_wconf 86' lang='lat' dir='ltr'><strong><em>eodem</em></strong></span> <span class='ocrx_word' id='word_1_376' title='bbox 647 3659 781 3723; x_wconf 80' lang='lat' dir='ltr'><strong><em>Suetonio,</em></strong></span> <span class='ocrx_word' id='word_1_377' title='bbox 792 3674 851 3725; x_wconf 65' lang='lat' dir='ltr'><strong><em>capa</em></strong></span> <span class='ocrx_word' id='word_1_378' title='bbox 890 3660 982 3711; x_wconf 80' lang='lat' dir='ltr'><strong><em>Habet</em></strong></span> <span class='ocrx_word' id='word_1_379' title='bbox 1002 3658 1087 3711; x_wconf 84' lang='lat' dir='ltr'><strong><em>codex</em></strong></span> <span class='ocrx_word' id='word_1_380' title='bbox 1104 3659 1347 3710; x_wconf 77' lang='lat' dir='ltr'><strong><em>Florentlacmm</em></strong></span> <span class='ocrx_word' id='word_1_381' title='bbox 1365 3672 1425 3709; x_wconf 82' lang='lat' dir='ltr'><strong><em>eau-</em></strong></span> 
     </span>
     <span class='ocr_line' id='line_1_42' title="bbox 321 3730 1425 3799; baseline -0.007 -7"><span class='ocrx_word' id='word_1_382' title='bbox 321 3745 361 3792; x_wconf 75' lang='lat' dir='ltr'><strong><em>lt.</em></strong></span> <span class='ocrx_word' id='word_1_383' title='bbox 889 3734 960 3799; x_wconf 84' lang='lat' dir='ltr'><strong><em>dem,</em></strong></span> <span class='ocrx_word' id='word_1_384' title='bbox 977 3748 1066 3799; x_wconf 85' lang='lat' dir='ltr'><strong><em>quam,</em></strong></span> <span class='ocrx_word' id='word_1_385' title='bbox 1083 3740 1151 3783; x_wconf 86' lang='lat' dir='ltr'><strong><em>teste</em></strong></span> <span class='ocrx_word' id='word_1_386' title='bbox 1170 3730 1271 3797; x_wconf 78' lang='lat' dir='ltr'><strong><em>lipsio,</em></strong></span> <span class='ocrx_word' id='word_1_387' title='bbox 1290 3732 1425 3784; x_wconf 63' lang='lat' dir='ltr'><strong><em>Pernam·</em></strong></span> 
     </span>
     <span class='ocr_line' id='line_1_43' title="bbox 351 3809 1424 3877; baseline -0.007 -10"><span class='ocrx_word' id='word_1_388' title='bbox 351 3812 851 3877; x_wconf 72' lang='lat' dir='ltr'><strong><em>VerbaDionisadlrnacmaremdipna</em></strong></span> <span class='ocrx_word' id='word_1_389' title='bbox 889 3826 947 3863; x_wconf 63' lang='lat' dir='ltr'><strong><em>nus»</em></strong></span> <span class='ocrx_word' id='word_1_390' title='bbox 978 3810 1107 3861; x_wconf 82' lang='lat' dir='ltr'><strong><em>ExLirio</em></strong></span> <span class='ocrx_word' id='word_1_391' title='bbox 1123 3818 1218 3874; x_wconf 83' lang='lat' dir='ltr'><strong><em>autem,</em></strong></span> <span class='ocrx_word' id='word_1_392' title='bbox 1234 3809 1302 3860; x_wconf 87' lang='lat' dir='ltr'><strong><em>unde</em></strong></span> <span class='ocrx_word' id='word_1_393' title='bbox 1318 3810 1424 3861; x_wconf 81' lang='lat' dir='ltr'><strong><em>Tacitus</em></strong></span> 
     </span>
     <span class='ocr_line' id='line_1_44' title="bbox 320 3886 1425 3957; baseline -0.004 -16"><span class='ocrx_word' id='word_1_394' title='bbox 320 3893 386 3957; x_wconf 73' lang='lat' dir='ltr'><strong><em>legis</em></strong></span> <span class='ocrx_word' id='word_1_395' title='bbox 403 3893 411 3920; x_wconf 87' lang='lat'>‘</span> <span class='ocrx_word' id='word_1_396' title='bbox 420 3890 543 3943; x_wconf 86' lang='lat' dir='ltr'><strong><em>Claudius</em></strong></span> <span class='ocrx_word' id='word_1_397' title='bbox 555 3904 614 3939; x_wconf 79' lang='lat' dir='ltr'><strong><em>cuns</em></strong></span> <span class='ocrx_word' id='word_1_398' title='bbox 632 3890 684 3939; x_wconf 86' lang='lat' dir='ltr'><strong><em>alia</em></strong></span> <span class='ocrx_word' id='word_1_399' title='bbox 699 3890 794 3940; x_wconf 83' lang='lat' dir='ltr'><strong><em>ecritcr</em></strong></span> <span class='ocrx_word' id='word_1_400' title='bbox 804 3888 850 3939; x_wconf 91' lang='lat' dir='ltr'><strong><em>ob·</em></strong></span> <span class='ocrx_word' id='word_1_401' title='bbox 891 3886 1002 3938; x_wconf 80' lang='lat' dir='ltr'><strong><em>sortasse</em></strong></span> <span class='ocrx_word' id='word_1_402' title='bbox 1018 3887 1121 3949; x_wconf 82' lang='lat' dir='ltr'><strong><em>sumsit,</em></strong></span> <span class='ocrx_word' id='word_1_403' title='bbox 1131 3887 1246 3952; x_wconf 80' lang='lat' dir='ltr'><strong><em>suppleri</em></strong></span> <span class='ocrx_word' id='word_1_404' title='bbox 1262 3891 1365 3949; x_wconf 78' lang='lat' dir='ltr'><strong><em>potest3</em></strong></span> <span class='ocrx_word' id='word_1_405' title='bbox 1384 3886 1425 3937; x_wconf 79' lang='lat' dir='ltr'><strong><em>ait</em></strong></span> 
     </span>
     <span class='ocr_line' id='line_1_45' title="bbox 320 3960 1424 4031; baseline -0.005 -14"><span class='ocrx_word' id='word_1_406' title='bbox 320 3968 448 4030; x_wconf 81' lang='lat' dir='ltr'><strong><em>servabat,</em></strong></span> <span class='ocrx_word' id='word_1_407' title='bbox 469 3974 524 4019; x_wconf 87' lang='lat' dir='ltr'><strong><em>tum</em></strong></span> <span class='ocrx_word' id='word_1_408' title='bbox 543 3980 630 4017; x_wconf 84' lang='lat' dir='ltr'><strong><em>omnes</em></strong></span> <span class='ocrx_word' id='word_1_409' title='bbox 650 3966 693 4031; x_wconf 90' lang='lat' dir='ltr'><strong><em>qui</em></strong></span> <span class='ocrx_word' id='word_1_410' title='bbox 713 3966 745 4017; x_wconf 84' lang='lat' dir='ltr'><strong><em>ed</em></strong></span> <span class='ocrx_word' id='word_1_411' title='bbox 766 3967 851 4029; x_wconf 82' lang='lat' dir='ltr'><strong><em>iprum</em></strong></span> <span class='ocrx_word' id='word_1_412' title='bbox 890 3963 960 4015; x_wconf 85' lang='lat' dir='ltr'><strong><em>enim</em></strong></span> <span class='ocrx_word' id='word_1_413' title='bbox 971 3964 990 4012; x_wconf 93' lang='lat' dir='ltr'><strong><em>l.</em></strong></span> <span class='ocrx_word' id='word_1_414' title='bbox 1003 3974 1083 4013; x_wconf 81' lang='lat' dir='ltr'><strong><em>mv.</em></strong></span> <span class='ocrx_word' id='word_1_415' title='bbox 1098 3963 1149 4012; x_wconf 85' lang='lat' dir='ltr'><strong><em>‘lle</em></strong></span> <span class='ocrx_word' id='word_1_416' title='bbox 1161 3964 1254 4028; x_wconf 86' lang='lat' dir='ltr'><strong><em>seipse</em></strong></span> <span class='ocrx_word' id='word_1_417' title='bbox 1264 3960 1332 4011; x_wconf 78' lang='lat' dir='ltr'><strong><em>mul</em></strong></span> <span class='ocrx_word' id='word_1_418' title='bbox 1344 3975 1424 4012; x_wconf 72' lang='lat' dir='ltr'><strong><em>cunc·</em></strong></span> 
     </span>
     <span class='ocr_line' id='line_1_46' title="bbox 319 4035 1424 4105; baseline -0.001 -17"><span class='ocrx_word' id='word_1_419' title='bbox 319 4043 448 4105; x_wconf 83' lang='lat' dir='ltr'><strong><em>venirent,</em></strong></span> <span class='ocrx_word' id='word_1_420' title='bbox 458 4042 526 4091; x_wconf 76' lang='lat' dir='ltr'><strong><em>virm</em></strong></span> <span class='ocrx_word' id='word_1_421' title='bbox 543 4040 706 4102; x_wconf 80' lang='lat' dir='ltr'><strong><em>crimminns,</em></strong></span> <span class='ocrx_word' id='word_1_422' title='bbox 721 4040 852 4105; x_wconf 74' lang='lat' dir='ltr'><strong><em>explorari</em></strong></span> <span class='ocrx_word' id='word_1_423' title='bbox 892 4045 980 4089; x_wconf 79' lang='lat' dir='ltr'><strong><em>tenter</em></strong></span> <span class='ocrx_word' id='word_1_424' title='bbox 1000 4037 1084 4089; x_wconf 84' lang='lat' dir='ltr'><strong><em>fassas</em></strong></span> <span class='ocrx_word' id='word_1_425' title='bbox 1105 4038 1224 4089; x_wconf 85' lang='lat' dir='ltr'><strong><em>conscios</em></strong></span> <span class='ocrx_word' id='word_1_426' title='bbox 1239 4038 1361 4089; x_wconf 85' lang='lat' dir='ltr'><strong><em>celabat.’</em></strong></span> <span class='ocrx_word' id='word_1_427' title='bbox 1376 4035 1424 4087; x_wconf 86' lang='lat' dir='ltr'><strong><em>Pi·</em></strong></span> 
     </span>
     <span class='ocr_line' id='line_1_47' title="bbox 316 4116 1261 4181; baseline 0.003 -18"><span class='ocrx_word' id='word_1_428' title='bbox 316 4116 440 4179; x_wconf 79' lang='lat' dir='ltr'><strong><em>jubebat,</em></strong></span> <span class='ocrx_word' id='word_1_429' title='bbox 451 4132 484 4167; x_wconf 88' lang='lat' dir='ltr'><strong><em>ne</em></strong></span> <span class='ocrx_word' id='word_1_430' title='bbox 501 4132 577 4181; x_wconf 86' lang='lat' dir='ltr'><strong><em>qoem</em></strong></span> <span class='ocrx_word' id='word_1_431' title='bbox 587 4117 700 4180; x_wconf 73' lang='lat' dir='ltr'><strong><em>gladium</em></strong></span> <span class='ocrx_word' id='word_1_432' title='bbox 717 4123 762 4166; x_wconf 85' lang='lat' dir='ltr'><strong><em>aut</em></strong></span> <span class='ocrx_word' id='word_1_433' title='bbox 773 4116 852 4167; x_wconf 83' lang='lat' dir='ltr'><strong><em>sicam</em></strong></span> <span class='ocrx_word' id='word_1_434' title='bbox 890 4116 972 4166; x_wconf 75' lang='lat' dir='ltr'><strong><em>rien.</em></strong></span> <span class='ocrx_word' id='word_1_435' title='bbox 1257 4128 1261 4133; x_wconf 92' lang='grc'><em>·</em></span> 
     </span>
     <span class='ocr_line' id='line_1_48' title="bbox 321 4187 1422 4255; baseline -0.002 -17"><span class='ocrx_word' id='word_1_436' title='bbox 321 4188 454 4242; x_wconf 80' lang='lat' dir='ltr'><strong><em>ualerent.</em></strong></span> <span class='ocrx_word' id='word_1_437' title='bbox 488 4192 520 4241; x_wconf 88' lang='lat' dir='ltr'><strong><em>ln</em></strong></span> <span class='ocrx_word' id='word_1_438' title='bbox 532 4191 656 4241; x_wconf 78' lang='lat' dir='ltr'><strong><em>conviviis</em></strong></span> <span class='ocrx_word' id='word_1_439' title='bbox 666 4192 744 4243; x_wconf 80' lang='lat' dir='ltr'><strong><em>etiem</em></strong></span> <span class='ocrx_word' id='word_1_440' title='bbox 754 4190 852 4255; x_wconf 81' lang='lat' dir='ltr'><strong><em>ubique</em></strong></span> <span class='ocrx_word' id='word_1_441' title='bbox 926 4190 1030 4254; x_wconf 80' lang='lat' dir='ltr'><strong><em>Noster]</em></strong></span> <span class='ocrx_word' id='word_1_442' title='bbox 1051 4190 1161 4241; x_wconf 79' lang='lat' dir='ltr'><strong><em>sueton.</em></strong></span> <span class='ocrx_word' id='word_1_443' title='bbox 1171 4188 1263 4241; x_wconf 80' lang='lat' dir='ltr'><strong><em>Claud.</em></strong></span> <span class='ocrx_word' id='word_1_444' title='bbox 1276 4201 1340 4239; x_wconf 84' lang='lat' dir='ltr'><strong><em>xm.</em></strong></span> <span class='ocrx_word' id='word_1_445' title='bbox 1354 4187 1422 4237; x_wconf 83' lang='lat' dir='ltr'><strong><em>‘Re-</em></strong></span> 
     </span>
     <span class='ocr_line' id='line_1_49' title="bbox 319 4261 1421 4331; baseline -0.004 -16"><span class='ocrx_word' id='word_1_446' title='bbox 319 4264 418 4315; x_wconf 84' lang='lat' dir='ltr'><strong><em>ruilites</em></strong></span> <span class='ocrx_word' id='word_1_447' title='bbox 439 4266 562 4331; x_wconf 87' lang='lat' dir='ltr'><strong><em>quosdam</em></strong></span> <span class='ocrx_word' id='word_1_448' title='bbox 583 4274 699 4317; x_wconf 77' lang='lat' dir='ltr'><strong><em>utentes</em></strong></span> <span class='ocrx_word' id='word_1_449' title='bbox 725 4266 852 4319; x_wconf 72' lang='lat' dir='ltr'><strong><em>amenas:</em></strong></span> <span class='ocrx_word' id='word_1_450' title='bbox 892 4266 962 4330; x_wconf 87' lang='lat' dir='ltr'><strong><em>perti</em></strong></span> <span class='ocrx_word' id='word_1_451' title='bbox 970 4272 1000 4316; x_wconf 88' lang='lat' dir='ltr'><strong><em>et</em></strong></span> <span class='ocrx_word' id='word_1_452' title='bbox 1009 4264 1138 4331; x_wconf 72' lang='lat' dir='ltr'><strong><em>canetulo</em></strong></span> <span class='ocrx_word' id='word_1_453' title='bbox 1150 4263 1246 4315; x_wconf 76' lang='lat' dir='ltr'><strong><em>onlinis</em></strong></span> <span class='ocrx_word' id='word_1_454' title='bbox 1255 4261 1421 4328; x_wconf 79' lang='lat' dir='ltr'><strong><em>dunispalr-</em></strong></span> 
     </span>
    </p>
   </div>
   <div class='ocr_carea' id='block_1_8' title="bbox 0 0 1584 4917">
    <p class='ocr_par' dir='ltr' id='par_1_8' title="bbox 0 0 1584 4917">
     <span class='ocr_line' id='line_1_50' title="bbox 0 0 1584 4917; baseline 0 3"><span class='ocrx_word' id='word_1_455' title='bbox 0 0 1584 4917; x_wconf 95' lang='lat' dir='ltr'><strong><em> </em></strong></span> 
     </span>
    </p>
   </div>
  </div>
 </body>
</html>
