3159 4917
297 354 374 445 '‘iil't
667 362 703 437 d.
724 364 905 438 connnmr
927 382 1055 436 rncrrr
1249 364 1414 457 [iamai.

299 534 374 616 ima,
389 541 568 621 postquam
582 526 852 616 percunctantem
867 534 1102 608 commoverat,
1120 530 1323 617 ‘imperium'
1332 532 1413 620 ipsi,

298 630 345 706 ‘'et
371 636 481 703 iutnra
504 636 639 701 solerter
657 634 872 719 patefaciens,
884 634 1113 716 interrogatur,
1138 636 1206 698 ‘au
1218 652 1314 701 snam
1329 652 1415 721 qno-

300 760 377 828 *que
392 739 567 824 genitalem
577 734 695 802 horam
710 738 946 822 comperisset:
977 754 1077 821 quem
1090 742 1160 801 tum
1174 754 1309 817 aunum,
1328 756 1415 822 qna·

300 843 376 910 *lem
395 842 485 909 diem
498 838 658 907 haberet?
709 838 783 917 Ille,
798 841 931 923 positus
945 838 1088 903 siderum
1102 856 1142 902 ac
1158 841 1266 923 spatia
1288 840 1417 905 dimem-

311 966 383 1025 sne,
392 948 516 1032 haerere
527 946 650 1030 primo,
662 942 740 1007 dein
752 948 960 1032 pavescere?¹
985 945 1029 1019 et,
1045 946 1205 1023 quantum
1219 941 1419 1027 introspice·

301 1042 375 1128 net,
388 1049 497 1133 magio
511 1065 552 1111 ac
573 1046 682 1128 magia
696 1043 844 1127 trepidus
858 1040 1088 1109 admirationis
1103 1048 1137 1107 ct
1156 1049 1274 1123 metus,
1287 1050 1418 1128 postre-

302 1161 369 1215 'mo
379 1150 559 1227 exclamat,
578 1152 591 1183 ⁴
607 1146 799 1231 ambignum
812 1141 890 1211 sibi'
900 1166 940 1211 ac
954 1160 1057 1230 prope
1071 1144 1223 1210 altimum
1237 1145 1420 1211 discrimem

302 1249 455 1316 'instare’
493 1248 584 1316 'lum
607 1248 805 1333 complexus
831 1266 907 1312 eum
922 1247 1088 1324 Tiberius,
1112 1249 1312 1330 ‘praescium
1326 1250 1420 1331 peri-

304 1348 463 1417 ‘culorum
477 1351 720 1416 etincolnmem
741 1348 835 1429 iore,’
849 1356 1011 1434 gratatur3
1031 1365 1174 1433 quaeque
1190 1350 1330 1429 dixerat,
1340 1370 1420 1417 ora·

303 1451 356 1519 ‘cli
369 1456 446 1518 vice
461 1453 641 1537 accipiens,
651 1454 738 1517 iuter
748 1453 882 1517 intimos
894 1453 1073 1516 amicorum
1089 1456 1186 1516 tenet.

353 1554 410 1641 22.
431 1552 499 1618 Sed
519 1554 614 1631 milri,
637 1554 709 1620 haec
736 1574 776 1619 ac
790 1554 873 1619 talia
888 1554 1045 1635 audienti,
1065 1556 1101 1619 in
1115 1555 1240 1621 incerto
1250 1553 1421 1640 judicium

300 1661 374 1737 est,
383 1657 452 1722 fato
464 1676 506 1720 ne
517 1675 572 1721 rea
580 1658 767 1723 mortalium
782 1664 815 1721 et
828 1659 1039 1723 necessitate⁸
1052 1657 1264 1734 immutabili,
1277 1674 1319 1721 an
1332 1656 1422 1721 sorte

311 1824 386 1900 syllas
404 1840 447 1889 per
467 1794 548 1873 cadesa
567 1838 628 1873 anxa
649 1824 804 1887 introductas,
823 1823 863 1874 ali
884 1825 1054 1873 comitantem
1079 1818 1251 1872 admiratione
1269 1820 1423 1883 wanden,

305 1888 487 1953 ,principatum
505 1887 564 1953 ipsi,
575 1893 728 1951 maturatae
746 1890 866 1951 aagaeiter
882 1888 998 1952 aperiam,
1014 1891 1113 1949 rogatur
1123 1886 1183 1949 ipae,
1193 1899 1223 1935 an
1236 1899 1306 1935 snam
1318 1885 1424 1946 pariter

313 1952 425 2004 natalem
437 1954 525 2001 lucram
537 1960 641 2015 nosset3
663 1968 738 2017 qrsem
755 1961 810 2002 tum
823 1954 947 2017 temporis
967 1966 1070 2011 aurnum,
1081 1956 1105 2001 ct
1116 1950 1218 2015 qualern
1230 1948 1298 1998 diem
1309 1948 1423 1999 sortitus

311 2026 389 2070 esset.
416 2018 461 2067 llic
468 2018 529 2067 sitas
538 2021 656 2067 catrarasa
665 2032 694 2065 ae
708 2032 791 2067 carcaa
799 2019 950 2081 perpendens,
967 2016 1074 2065 caactari
1092 2016 1179 2079 priano,
1196 2013 1252 2064 deia
1262 2018 1376 2071 mamere,
1395 2020 1423 2064 et

312 2086 425 2147 puniam
438 2080 604 2142 investigaret,
621 2080 699 2142 aegia
708 2098 737 2131 ac
747 2081 825 2142 auga
831 2081 939 2145 paoidaa,
955 2084 1093 2143 stapeuacae
1103 2080 1181 2141 dart,
1201 2083 1224 2127 et
1236 2082 1348 2139 ranam,
1362 2083 1423 2129 tea-

304 2148 367 2200 ateaa
374 2146 475 2208 mapit
485 2146 562 2193 isiaca
571 2158 652 2193 meaa.-
668 2158 766 2209 auceps
777 2146 826 2195 sibi
838 2152 865 2195 et
876 2159 958 2208 prope
968 2152 1110 2193 extremum
1120 2144 1263 2207 pericnlum
1275 2142 1423 2195 imminere.

303 2210 374 2264 aaa
391 2210 457 2260 iiiam
475 2210 615 2271 captarem
631 2208 748 2271 libertas,
768 2210 817 2273 ipaa'
834 2211 983 2272 gratulater,
999 2213 1143 2271 tmatmaae
1163 2221 1223 2257 rere
1240 2212 1323 2255 vatem
1335 2205 1423 2269 illusas,

314 2287 375 2323 sere
397 2272 531 2336 providum
549 2287 605 2321 asae
623 2272 810 2335 discriminum,
827 2281 854 2324 et
875 2275 973 2325 salvam
994 2271 1068 2323 fure:
1090 2277 1114 2321 et
1132 2272 1425 2347 qaoecmaaepratulerd

313 2332 472 2400 Tlrraaylius,
483 2339 514 2385 ad
524 2336 600 2386 iaatm
610 2338 708 2399 oraculi,
719 2339 847 2402 excipieaa,
857 2354 909 2388 earn
920 2343 987 2387 arcta
992 2336 1162 2397 familiaritate
1172 2336 1341 2401 complectatur.

347 2400 394 2450 Sed
403 2417 455 2451 cam
466 2401 638 2451 tacetdmilio
648 2401 727 2465 analio,
737 2403 764 2451 ia
773 2402 882 2465 matina
891 2403 965 2451 daret
975 2403 1076 2461 animae,
1087 2416 1118 2449 aa
1132 2399 1285 2450 rasinianae
1295 2404 1424 2463 regantur

308 2465 364 2529 sato
375 2471 398 2516 et
409 2466 556 2530 necestitate,
561 2480 607 2516 sen
617 2468 669 2529 lage
677 2466 755 2532 aliqua
763 2466 919 2541 ineluctabili,
929 2482 964 2516 aa
974 2480 1030 2517 casa
1040 2463 1167 2526 ctfortuaa
1177 2468 1314 2513 certantur:
1330 2464 1422 2531 quippe

772 2606 905 2628 nunno
909 2606 951 2627 ΝΟ

303 2663 309 2686 ,
346 2696 363 2741 a
379 2691 430 2740 nra.
442 2692 513 2740 Flor.
523 2644 666 2755 pamoeedta.
699 2690 766 2741 lade
778 2690 936 2756 conjiciebat
943 2690 1002 2742 lae.
1015 2689 1171 2756 Gronovius,
1180 2702 1311 2755 msam.
1332 2688 1420 2742 Rem

315 2769 555 2825 qnoquepusoere.
572 2756 686 2804 lirotier.

312 2927 431 2998 imperio,
447 2934 475 2981 et
489 2936 617 2994 preterea
628 2944 748 2981 arcanam
760 2935 844 2999 majus
883 2946 912 2986 sa
934 2932 1041 2997 perinde
1063 2936 1205 2982 commotae
1223 2936 1274 2995 est,
1290 2944 1365 2996 qnam
1376 2943 1421 2981 re·

303 3006 349 3058 'de
360 3014 457 3059 eventu
475 3020 552 3074 quem
572 3008 756 3072 promitterent
773 3018 844 3059 astra
883 3022 978 3073 sponsu
989 3022 1103 3074 casuque
1119 3006 1305 3058 Aacletariunia
1316 3006 1422 3055 Mathe·

305 3084 465 3134 consnitorl.
883 3086 981 3136 roatici.
1016 3084 1095 3134 Hunc
1109 3080 1421 3147 detarumneatnfictau-

305 3160 310 3184 ³
346 3158 358 3192 f
371 3158 508 3218 Εαὶωιαί,
524 3158 733 3223 caligmem]
762 3159 845 3211 Quasi
883 3166 936 3210 tem
951 3162 1066 3225 jactasse
1086 3174 1123 3221 se,
1143 3174 1202 3225 qum
1219 3156 1421 3223 providissem

304 3243 375 3282 ’vero
386 3232 534 3297 thrasyllus
544 3246 594 3282 non
602 3234 705 3283 videret
713 3234 780 3286 nimo
789 3234 845 3285 sine
884 3242 952 3299 arte,
962 3236 1106 3286 sciacltatus
1117 3242 1166 3296 ast,
1174 3226 1234 3300 qais'
1241 3234 1324 3297 ipsum
1331 3246 1420 3283 maae-

310 3308 365 3358 niia
376 3316 433 3357 arte
444 3309 591 3373 discrimen,
599 3324 652 3374 qno
667 3324 696 3360 ae
707 3310 845 3375 implicuis-
885 3318 927 3361 ret
935 3312 1035 3361 exitas:
1057 3318 1085 3377 et
1094 3310 1276 3371 affirmantem,
1285 3306 1350 3371 fore,
1365 3310 1421 3359 ‘nt

312 3392 354 3434 set
372 3398 419 3448 per
427 3384 485 3434 illas
503 3398 580 3448 rupes
592 3385 724 3451 incedens,
738 3388 844 3439 comari
885 3384 958 3437 brevi
970 3387 1128 3440 laceraretur
1139 3403 1154 3438 a
1166 3384 1288 3447 canibus,'
1304 3383 1421 3435 interfici

306 3458 460 3523 aan'ectnm
479 3461 664 3524 precipitium,
672 3469 701 3513 et
713 3462 844 3515 robustam
885 3462 988 3529 quidem
1000 3463 1055 3513 sine
1067 3476 1147 3527 mora,
1164 3464 1210 3513 sed
1229 3462 1262 3512 ad
1275 3476 1420 3525 coarguen-

311 3534 384 3584 iilnrn
394 3536 532 3585 satellitem
550 3538 662 3599 intuens,
675 3540 718 3603 qni
733 3539 845 3603 preibat
885 3536 943 3587 dam
964 3540 1137 3591 temeritatem
1149 3540 1222 3602 artis,
1239 3536 1341 3607 sepeliri
1355 3552 1420 3603 quo·

312 3610 406 3675 ipsum,
418 3617 446 3661 et
457 3624 485 3663 ae
494 3625 509 3661 a
519 3626 620 3662 moroso
630 3626 750 3678 saevoque
763 3620 791 3663 et
804 3630 846 3664 oc·
885 3626 936 3677 que
953 3615 1145 3664 accuratissime
1163 3614 1307 3679 imperarit.
1339 3612 1420 3665 Quod

311 3688 390 3740 culta
403 3688 553 3738 calliditatis
563 3688 680 3753 principe
697 3690 746 3739 huc
756 3688 846 3741 induc·
885 3702 944 3737 enm
956 3686 1039 3750 flerat,
1048 3692 1146 3755 evenit,
1166 3694 1195 3740 ut
1206 3689 1341 3753 repentina
1352 3695 1420 3739 tem·

305 3764 377 3812 'inan
411 3762 443 3812 In
454 3764 493 3812 iris
504 3764 713 3827 circumstantiis,
732 3766 788 3830 quis
800 3780 845 3830 po·
885 3770 989 3827 pestate
1012 3764 1115 3829 dejecto
1141 3764 1240 3826 funere,
1266 3765 1419 3815 seminatam

303 3838 379 3888 ‘altus
391 3838 470 3888 etiam
486 3839 541 3888 stne
552 3840 651 3890 coeleati
663 3840 783 3892 doctrina
793 3854 844 3890 non
885 3840 997 3889 cadaver
1008 3840 1186 3905 discerperent
1197 3856 1289 3903 caucs3
1300 3840 1380 3904 idque
1390 3840 1419 3890 ei

304 3916 430 3965 metuat?
447 3914 521 3979 sepe
540 3915 665 3964 miramur
683 3910 792 3965 inania‘
809 3916 845 3967 Et
884 3916 996 3967 coemntl
1015 3931 1031 3965 a
1049 3918 1126 3967 astuto
1142 3918 1244 3982 Latino,
1260 3918 1302 3983 qni
1321 3922 1421 3982 praete·

302 3993 400 4039 ‘nmen
417 3990 729 4054 chemtmnslnmyttm
739 3996 844 4055 eaarte,
883 3990 951 4041 riens
962 3990 1031 4041 forte
1042 3994 1272 4059 animadverterat,
1289 3994 1358 4043 inter
1376 4006 1421 4044 ce·

314 4064 431 4113 etlilium
443 4065 533 4115 habult
542 4080 594 4115 non
604 4065 770 4128 degenerem.
883 4072 952 4117 teras
963 4066 1015 4117 diei
1027 4066 1125 4118 fabulas
1138 4068 1301 4121 referretur?

347 4138 486 4205 Exclamat]
501 4141 589 4189 Simile
602 4142 662 4204 quid
675 4148 765 4192 narrat
780 4140 843 4192 Sue·
916 4142 1006 4192 ‘Fato
1027 4158 1057 4193 ac
1074 4158 1112 4193 rea
1131 4145 1300 4197 maedam
1316 4142 1419 4194 aceed-

314 4217 370 4263 tos.
378 4212 844 4267 denominame.1c.⁶tta11atamen
882 4218 946 4282 tate]
962 4218 1121 4285 chrysippus
1130 4220 1200 4284 apud
1210 4218 1325 4271 Geinum
1340 4232 1379 4273 rt.
1389 4222 1421 4273 2·
