3159 4917
227 417 366 483 &cm-1
587 410 798 463 lunantur
830 412 905 463 m.
928 413 987 464 111.

725 668 834 721 Rom

266 775 346 829 Quod
366 776 389 825 al
408 775 435 824 in
455 772 567 824 laetiore
583 774 647 823 nibil
661 781 761 825 mntaaz
835 776 888 827 Sed
900 778 966 827 ratio
978 782 1122 841 temporum
1137 789 1188 826 nou
1206 774 1336 839 oonqrnit.

234 857 291 903 tum
311 866 360 917 eqo
382 852 551 916 interpretari
575 852 678 914 cupiam
699 852 763 923 duaa
803 852 870 901 Nam
882 852 992 917 Silarum,
1003 854 1046 917 qni
1064 852 1107 903 bie
1119 852 1265 913 demuntur,
1277 866 1337 902 eon·

235 935 330 977 manea
341 928 428 978 Silano
440 926 499 976 bule
515 941 560 976 reo
576 925 667 988 suiaae,
677 944 763 978 veram
803 928 842 975 aul
862 924 912 979 soit
924 927 956 979 Α.
974 928 1007 977 U.
1028 928 1057 977 C.
1071 932 1146 977 loz:
1164 924 1337 977 drmonrlrari

234 1011 417 1054 etnoreream.
452 1002 574 1052 Norerea
594 1010 679 1053 antem
697 1004 764 1055 bona
803 1004 982 1064 auredusque
994 1010 1156 1066 nepte,nnte
1176 1006 1339 1053 annnmltb.
1433 1054 1437 1060 ,

233 1079 344 1128 maxima
361 1092 395 1128 ea
414 1083 490 1141 parte
508 1078 595 1127 Silano
615 1081 771 1144 reliquerat‚-
804 1078 901 1129 nullum
912 1078 1024 1127 §danum
1037 1079 1109 1128 narei
1122 1078 1246 1142 potniare.
1257 1078 1339 1130 stria.

232 1153 260 1202 in
275 1154 385 1218 gratiam
403 1153 498 1215 mariti,
516 1153 558 1202 vel
575 1154 717 1220 obsequiis,
735 1163 764 1206 ut
837 1154 960 1204 Lentulus
971 1154 1038 1203 dixit
1049 1152 1130 1203 Silani
1140 1162 1260 1203 materna
1270 1154 1339 1204 bona

233 1228 272 1288 iil,
301 1228 412 1293 privigni
439 1236 526 1292 capta.
569 1230 648 1279 Nune
675 1238 766 1281 cenaet
805 1226 1089 1292 inhonoremfamillo,
1106 1244 1139 1280 ex
1157 1244 1208 1293 qua
1227 1229 1272 1279 illa
1290 1230 1339 1279 ori·

234 1306 369 1366 Lentulna,
380 1305 524 1367 reparanda
534 1320 566 1355 ea
582 1306 658 1369 bona,
667 1309 766 1373 qnippe
805 1302 875 1351 unda
882 1301 980 1365 luerat,
991 1317 1042 1353 non
1052 1317 1110 1353 eum
1121 1309 1212 1353 eetera
1223 1302 1339 1353 subtan-

233 1394 293 1429 eum
310 1396 358 1429 noa
375 1396 403 1430 ea
418 1382 621 1444 promogenitus
630 1388 701 1433 mer.-
718 1384 765 1434 ned
806 1378 844 1427 tia
866 1378 1032 1442 publicanda,
1054 1378 1100 1429 aed
1125 1378 1180 1429 filio
1206 1376 1339 1431 reddenda

233 1456 433 1507 adventitiaille
444 1459 521 1517 bone,
538 1465 567 1507 et
584 1472 617 1508 ea
633 1458 767 1523 indulgen·
806 1466 871 1504 0¹⁸0·
890 1452 1001 1503 ΜΝ·

235 1531 272 1580 tia
283 1531 355 1594 data,
365 1530 419 1581 lilio
429 1532 491 1581 item
501 1533 666 1596 indulgenda.
683 1532 751 1597 Lipa.
840 1528 957 1593 Repoue,
975 1528 1059 1595 quippe
1078 1530 1165 1581 unuin
1180 1536 1280 1595 purerle
1295 1546 1338 1594 gr·

270 1607 328 1656 Alia
344 1612 442 1669 parem
458 1608 547 1671 gralli]
579 1608 689 1657 Conatat
703 1610 767 1659 Sila-
806 1605 864 1655 alti.
907 1604 1003 1655 Omnia
1029 1605 1132 1671 quidem
1157 1606 1225 1657 bona
1248 1606 1339 1669 Silani,

235 1696 284 1732 noa
292 1689 435 1733 maternam
447 1684 767 1748 originemaddugnatnm
807 1680 904 1746 quippe
915 1680 941 1731 iu
958 1682 1067 1731 inaulam
1084 1680 1247 1745 deportandi,
1257 1682 1340 1747 publi·

237 1758 365 1816 retulitne,
385 1758 510 1822 quomodo
522 1757 588 1808 infra
599 1772 662 1810 xm,
674 1765 698 1811 l,
714 1760 767 1811 ὅθί.
807 1757 890 1806 cauda
909 1764 998 1807 el'llllt:
1016 1758 1062 1807 ted
1080 1757 1208 1807 Iaeniullu
1228 1758 1340 1821 rigorem

237 1836 310 1883 lanua
332 1834 368 1884 D.
390 1834 498 1898 Augusti
520 1834 643 1899 abnepoa'
670 1836 766 1887 diaerta
806 1833 1114 1897 sententiaruamitigat,
1130 1832 1341 1883 etbonamnter·

236 1911 356 1961 traditnr.
398 1910 437 1961 Ut
456 1913 493 1960 lta
512 1926 564 1961 non
585 1912 696 1962 abanrda
713 1915 767 1979 legi
807 1922 841 1957 na
850 1908 965 1959 damnati
976 1910 1032 1959 rull
1043 1909 1121 1973 ipaiua
1133 1908 1186 1959 filio
1204 1910 1301 1959 narrari
1313 1911 1339 1959 in

237 1986 335 2050 poaalt:
354 1986 447 2050 Quippe
457 1988 524 2037 dulia
532 1990 723 2051 poreategear'ti.
806 1986 928 2034 bonorem
941 1984 1059 2049 Manliae,
1069 1986 1124 2035 aire
1135 1986 1233 2036 Mallia
1248 1987 1341 2051 gentle,

268 2060 340 2114 Quid
358 2063 427 2112 enim
446 2064 550 2113 abaordi
570 2072 648 2127 euaet,
664 2066 687 2114 ai
708 2065 765 2131 qnia
805 2062 874 2111 unde
891 2076 972 2125 qeuue
982 2068 1127 2113 maternum
1137 2062 1241 2112 Silano:
1258 2058 1340 2121 iustu

235 2136 766 2207 eniatimaratploreal'uiaaeduliaa,qnam
806 2138 935 2189 ‘aurorem
947 2152 1050 2203 quoque
1060 2136 1141 2187 Silani
1151 2136 1330 2201 Torquatum!

233 2227 298 2277 quaa
318 2214 359 2263 bae
379 2215 532 2277 reriptornm
553 2217 670 2281 reliquiae
693 2217 766 2267 noble
838 2214 898 2265 bioa
927 2222 1014 2264 autem
1046 2211 1166 2279 frequent
1194 2212 1339 2277 virginibus

234 2288 375 2338 exhibent?
390 2288 501 2353 Ideoque
513 2289 546 2339 ob
562 2292 766 2353 precellentium
806 2290 1006 2355 mulleribeaque
1024 2290 1144 2340 Romania
1155 2304 1248 2339 nomen
1262 2302 1341 2339 amn·

233 2363 310 2426 bnjua
320 2362 426 2412 familie
441 2363 573 2427 indignum
591 2366 676 2415 rideri
694 2374 767 2431 pote·
807 2373 847 2415 tre
858 2380 968 2431 uomere,
976 2366 1125 2430 preerertim
1136 2366 1157 2415 al
1169 2380 1201 2415 ea
1211 2378 1273 2429 para
1283 2378 1341 2413 aau-

237 2441 320 2500 rat,ai
339 2439 408 2487 bona
426 2439 485 2488 inde
498 2440 675 2503 provenientia
684 2442 767 2505 publi·
808 2443 891 2505 quinia
910 2442 1034 2492 illuatrior
1049 2448 1127 2490 earet.
1161 2438 1235 2490 Inl'ra
1246 2440 1264 2489 1.
1277 2452 1341 2489 xm.

236 2520 368 2563 careatar.
807 2516 921 2567 ‘Sabina
933 2518 1049 2579 Poppae
1063 2516 1094 2563 Τ.
1115 2514 1185 2565 Ollio
1204 2520 1279 2577 patra
1296 2530 1341 2579 qe-

272 2590 427 2653 Qnanqnam
437 2590 502 2639 etin
512 2590 564 2639 illia
575 2590 662 2639 verbio
671 2594 768 2641 reddea-
809 2591 874 2654 nita,
889 2591 935 2641 aed
954 2604 1047 2641 nomen
1064 2588 1106 2639 ari
1122 2588 1232 2639 materni
1244 2602 1341 2638 eumae-

236 2664 313 2726 daque
324 2665 390 2731 filio,
409 2666 475 2714 latet
493 2666 578 2715 altera
593 2666 769 2719 mitioriraen-
809 2672 859 2728 rat,
876 2664 971 2715 illrutri
982 2663 1106 2714 memorie
1125 2662 1235 2725 Poppai
1253 2660 1342 2713 Sebini

239 2738 331 2788 tentiae
342 2740 418 2802 ratio,
434 2754 511 2804 qnam
528 2740 629 2790 attendi
648 2740 731 2805 rideo,
741 2748 770 2791 et
810 2742 938 2791 consulari
953 2746 982 2790 et
999 2738 1149 2802 triumphali
1166 2736 1260 2787 decore
1277 2750 1342 2800 pre·

237 2810 266 2861 iu
286 2812 450 2865 damnatione
468 2816 551 2875 Suilli,
569 2814 634 2866 infra
652 2830 715 2867 ¹111.
725 2820 767 2868 ta.
810 2814 950 2879 fulgentia!
967 2816 1074 2865 Grotiau

238 2887 371 2941 ‘Ademta
389 2891 513 2941 bonorum
533 2898 623 2956 parte;
640 2908 700 2943 uam
714 2893 768 2943 lilio
842 2892 923 2955 Lege,
934 2891 1020 2955 quippe
1032 2888 1142 2939 Cornelio
1150 2888 1340 2951 pomerani.

237 2968 267 3013 et
284 2966 357 3029 nepti
378 2982 437 3030 para
456 2968 658 3030 concedebatur,
675 2970 769 3020 enime-
810 2968 878 3019 Quia
888 2976 972 3017 mater
983 2966 1054 3018 Junli
1071 2965 1157 3028 lapidi
1168 2963 1273 3029 gentilia
1284 2972 1342 3015 erat

237 3042 383 3108 banturqne
393 3046 542 3109 etiamque
554 3033 769 3095 tentamentoma·
808 3044 922 3106 Lentuli,
934 3058 1012 3107 mave
1032 3042 1090 3091 lrnic
1107 3040 1254 3111 ridebatur,
1272 3040 1342 3105 quod

236 3119 286 3169 tria
308 3120 417 3169 autari
437 3120 620 3184 acceperant?
642 3121 688 3187 (an
708 3121 769 3171 aoioe
809 3134 856 3183 par
883 3120 967 3182 legem
987 3116 1093 3167 dimidia
1114 3122 1191 3179 parte
1215 3114 1341 3165 bonorum

234 3192 378 3258 ΜΡΜῙ)
808 3197 962 3246 multaretur
972 3209 1041 3255 ιειιι,
1052 3194 1130 3244 etiam
1143 3193 1211 3242 bona
1221 3193 1278 3256 ejna
1289 3207 1341 3243 ma·

268 3268 308 3317 Ut
326 3270 445 3320 nlmirnm
462 3286 478 3320 ιι
493 3276 577 3320 matre
587 3271 699 3321 velaria
710 3286 768 3335 pro·
809 3277 884 3321 terna
894 3272 969 3321 simul
987 3268 1131 3333 continuari,
1140 3284 1185 3318 aeu
1198 3268 1341 3332 publicari3

238 3338 319 3402 tecta,
331 3342 482 3393 riderentur
493 3358 544 3394 nou
558 3350 612 3394 tam
628 3344 661 3393 ad
680 3353 768 3409 patrea
809 3353 837 3396 et
848 3347 1083 3411 integra,seoraum
1102 3360 1118 3395 a
1136 3345 1236 3409 reliqua
1247 3358 1341 3409 meam,

190 3481 192 3484 Ι
238 3423 284 3466 aut
300 3431 361 3467 auor
377 3420 519 3482 pertinere,
537 3419 695 3486 (quanquam
708 3422 768 3485 jnre
809 3418 967 3473 malebatad
984 3422 1065 3471 filium
1077 3422 1256 3471 consobrinum
1267 3436 1342 3471 anum
1413 3446 1417 3453 ·

239 3494 382 3553 potestatis
402 3496 497 3558 petrina
517 3496 582 3559 ipala
599 3498 769 3561 acquireban·
810 3499 919 3547 transire
937 3498 986 3557 (lla
1004 3496 1036 3545 de
1051 3498 1100 3546 Cn.
1117 3496 1212 3545 Pisone
1229 3496 1341 3559 praeride

239 3564 295 3626 tur)
305 3578 380 3630 quem
391 3568 425 3617 ad
440 3570 547 3632 liberor,
565 3572 658 3636 quibua
678 3574 770 3623 relicta
809 3573 899 3637 Syria,
909 3574 951 3638 qui
963 3572 1110 3636 priusquam
1123 3572 1300 3633 damnaretur,
1312 3584 1342 3621 aa

239 3648 324 3698 erant,
336 3641 414 3706 idque
428 3646 525 3695 mitiori
540 3647 770 3711 interpretatione,
809 3656 893 3699 morte
910 3648 1063 3711 absolverat,
1074 3647 1177 3695 cenauit
1188 3645 1268 3694 Cotta
1280 3645 1341 3695 Coa.

238 3721 270 3765 bl
280 3714 344 3766 dlxi·
360 3718 469 3771 Μή.
809 3722 884 3773 Ml.
892 3725 949 3773 m.
957 3724 964 3749 ⁸
972 3724 1078 3771 Partem
1086 3722 1210 3771 bonum
1219 3719 1344 3783 ejuapab·

273 3791 335 3841 Boe
350 3797 458 3841 atemrna
468 3793 508 3841 vir
525 3794 616 3846 doetna
626 3795 664 3846 alc
676 3798 770 3849 eonati-
810 3800 1011 3863 lieaadern,parr
1020 3805 1050 3849 ut
1061 3800 1109 3849 Cn.
1118 3797 1209 3846 Pisoni
1219 3795 1341 3847 filioeon·

239 3866 347 3938 trieben
375 3876 407 3917 nt
432 3868 543 3930 Silanun,
567 3884 644 3934 quem
669 3871 770 3923 Pliniua
809 3875 963 3935 cederetur:
980 3862 1254 3933 Tae.'llnn.1u.ll.):
1272 3871 1341 3936 qnod

238 3942 327 4007 neptia
338 3942 451 4007 Augusti
462 3951 583 4007 nepotem
601 3947 715 4012 aeripuit,
731 3964 771 3999 ea·
811 3949 860 3998 boc
872 3950 997 3999 Iaentnlua
1009 3950 1036 3997 in
1048 3948 1161 3997 savorem
1171 3944 1276 3997 famine
1286 3962 1341 4000 au·

238 4026 280 4071 aet
290 4018 416 4082 hiem,
431 4019 474 4070 eni
491 4028 610 4072 matema
626 4024 692 4074 bona
710 4039 771 4075 eon·
814 4038 921 4088 vergere
932 4025 1074 4088 prudenter
1077 4023 1220 4088 judiearet.

223 4094 429 4145 'ceduntnrboe
446 4095 520 4157 loeo;
536 4095 593 4161 ipae
608 4102 695 4148 anum
705 4102 770 4149 dara·
844 4098 1260 4165 corneliamirtomamitambujua
1267 4100 1341 4154 Cnaei

238 4174 317 4234 adu,
335 4169 403 4220 tilina
423 4170 512 4234 dolie,
529 4185 589 4236 que
608 4172 695 4237 ueptla
714 4182 772 4226 erat
812 4176 918 4226 Lentuli
937 4190 1065 4240 magnam,
1084 4190 1192 4241 eamque
1211 4178 1341 4231 Cornelia

240 4243 361 4310 Augusti.
812 4251 924 4306 esratre
935 4260 1104 4320 pronepotem
1115 4252 1244 4309 faeioaier
