3159 4917
327 354 394 423 ωε
682 374 715 422 o.
739 371 920 420 nonnanis
944 372 1073 422 raeiri
1270 380 1319 445 [a
1329 382 1456 439 um,

328 514 541 602 piovincias,⁸
565 534 625 580 eur
653 514 808 581 Dialibus
836 516 871 579 id
891 518 1052 579 vetituml
1080 518 1173 582 nulla
1192 520 1235 583 de
1249 539 1292 585 eo
1306 521 1453 607 Populi

329 621 425 695 seito,
437 637 503 682 non
519 619 551 682 in
563 618 654 681 libris
666 618 929 681 caerimoniarum
941 619 1087 699 reperiri.
1133 618 1234 703 Saepe
1250 620 1449 688 Pontifices

329 720 444 787 Dialia
469 740 566 785 sacra
593 719 725 797 iecisse,
754 720 783 782 si
823 720 962 783 Flamen
989 719 1177 784 valetudine
1206 729 1265 787 aut
1296 744 1449 790 munere

327 825 465 909 publico
478 823 704 907 impediretur:
727 820 859 885 duobus
870 832 903 885 et
918 823 1126 906 septuaginta
1139 823 1243 887 annis
1256 831 1336 909 post
1349 824 1448 890 Cor·

327 925 406 992 nelli
437 925 597 990 Merulaeu
627 922 753 989 eaedem
782 926 942 987 neminem
970 923 1163 1003 suffectum
1185 944 1294 1009 neque
1318 934 1447 993 tamen

329 1029 515 1092 cessavisse
540 1028 725 1109 religiones.
770 1024 926 1103 Quodsi
950 1045 1010 1109 per
1025 1031 1075 1090 tot
1099 1045 1204 1091 annos
1229 1030 1337 1111 possit
1363 1047 1447 1093 non

328 1131 446 1206 creari,
462 1128 552 1191 nullo
567 1146 734 1191 saeromm
748 1124 882 1204 damno,
908 1132 1032 1209 quanto
1047 1126 1181 1205 facilius
1203 1128 1368 1193 aiutumm
1388 1128 1446 1193 ad

329 1230 427 1294 mnus
441 1230 519 1293 anni
534 1229 778 1294 Proconsulare
792 1228 990 1311 imperiuml
1028 1225 1176 1292 Privatis
1190 1228 1268 1293 olim
1281 1230 1444 1295 simulta-

331 1416 438 1478 vincias‚
461 1431 539 1481 quara
562 1416 680 1467 Dialibus
700 1417 727 1466 id
747 1417 925 1482 prohibitum?
946 1416 1017 1465 nulla
1027 1415 1059 1464 de
1071 1430 1102 1464 ea
1115 1430 1141 1463 ra
1154 1415 1299 1478 plebiscita,
1309 1431 1395 1481 neque
1406 1417 1442 1466 iss

331 1481 522 1530 commentariis
533 1482 627 1530 rituum
640 1482 758 1532 inueniri.
774 1482 850 1544 sape
866 1480 1008 1530 Pontifices
1020 1480 1133 1530 Dialinm
1145 1494 1219 1528 saera
1235 1480 1395 1541 celebrasse,
1413 1482 1442 1530 si

331 1545 435 1595 Flamen
447 1545 601 1608 aegritudine
613 1554 658 1594 aut
668 1544 753 1596 officio
764 1546 870 1609 publico
881 1545 1068 1595 distineretur:
1090 1544 1187 1592 nullum
1199 1552 1360 1603 surrentum
1372 1545 1441 1594 Dia-

330 1608 382 1658 lem
392 1623 448 1658 esse
461 1610 570 1669 dnobus,
582 1617 608 1659 et
628 1610 797 1685 septuaginta
813 1610 897 1669 annia,
907 1616 967 1673 post
986 1623 1077 1658 necem
1089 1608 1200 1658 Cornelii
1211 1609 1330 1668 Merula,
1345 1622 1439 1723 ame

332 1677 418 1722 tamn
430 1673 590 1723 carimonias
601 1673 717 1723 ‹lesurae-
750 1675 827 1727 Quod
844 1676 867 1723 si
886 1681 926 1723 tot
936 1688 985 1737 pes
996 1687 1075 1721 annos
1094 1673 1176 1735 possit
1194 1687 1245 1721 non
1264 1673 1325 1735 eligi
1337 1672 1373 1721 Di
1400 1674 1409 1686 '
1428 1709 1439 1735 ,

330 1736 400 1785 nubo
411 1738 563 1800 religionum
576 1738 750 1799 detrimento,
767 1745 864 1851 upsoto
882 1735 983 1787 facilius
1000 1735 1176 1799 proiecturum
1195 1737 1267 1786 illum
1278 1737 1310 1785 ad
1322 1751 1437 1787 annnam

329 1800 470 1865 provinciae
481 1801 745 1861 administrationem?
804 1801 896 1851 rivatis
912 1800 1039 1866 quondam
1056 1798 1240 1851 offensionibus
1258 1800 1437 1866 sceidisas,nt

797 1908 845 1955 ‘m
847 1934 964 1955 ooooo

330 2018 486 2084 Thucydide
496 1988 650 2083 ⁹ceterisque
670 2018 771 2069 Gracia
786 2016 1004 2086 ἣγιῖσθιιηιιιιι.
1030 2015 1114 2067 Idem.

828 2141 935 2192 Nom

331 2241 484 2301 arst,eslra
501 2235 604 2287 Italiam
615 2237 757 2303 proiectus,
774 2238 859 2288 victus
899 2251 980 2286 novus
999 2236 1033 2287 ab
1058 2235 1185 2303 Angusto,
1204 2254 1272 2290 anno
1292 2239 1432 2292 urbisltl.

331 2319 360 2363 et
378 2313 530 2363 interemtus
547 2313 604 2363 est'
636 2312 689 2363 Sed
704 2312 773 2364 seim
788 2314 861 2377 lieet,
899 2314 984 2364 Notat
1004 2313 1086 2364 Diol.
1099 2326 1157 2364 arv.
1173 2314 1227 2364 ‘Et
1242 2315 1432 2380 boeipsotsm·

332 2387 451 2453 quadam
471 2402 505 2438 es
524 2388 565 2437 lais
580 2403 639 2439 eum
657 2403 713 2439 aun
731 2394 859 2438 mutasse:
900 2402 963 2452 pore
990 2388 1112 2437 sacerdos
1137 2389 1347 2453 lovis-primum
1373 2396 1433 2457 post

332 2463 396 2513 allas
407 2470 499 2528 aperte
508 2461 581 2513 falsis
603 2462 730 2527 exemplis
744 2477 772 2512 se
782 2463 861 2527 juvet
901 2464 1030 2515 Merulam
1041 2466 1139 2516 electas
1147 2464 1206 2516 est!

330 2539 374 2589 hie
386 2540 500 2590 Flamen.
516 2540 619 2604 Lipsius.
934 2541 995 2591 Non
1025 2540 1124 2604 turbat,
1145 2542 1215 2606 qnod
1237 2542 1322 2596 Jttlina
1344 2542 1433 2593 Cmssr

364 2624 374 2650 ⁸
390 2616 522 2668 Dssa'sseat
529 2618 676 2683 pretiositas]
704 2618 736 2668 Id
748 2623 800 2679 eat,
809 2631 862 2667 aor-
901 2616 1006 2665 Flamen
1019 2616 1104 2667 Dialis
1117 2617 1261 2669 destinatos
1271 2618 1359 2681 inerit,
1365 2624 1431 2669 teste

329 2691 374 2743 tut
383 2700 479 2755 esseut,
486 2700 557 2744 sorte
565 2694 707 2755 duxissent,
715 2694 783 2760 qood
793 2693 862 2744 idem
901 2692 1025 2742 Suetonio
1034 2707 1059 2742 e.
1069 2697 1092 2742 1.
1100 2693 1160 2757 quia
1168 2700 1270 2743 tantum
1281 2693 1434 2755 destinatos,

331 2781 437 2831 pmrsus
447 2777 488 2817 est
498 2782 529 2817 ae
540 2770 562 2818 si
574 2768 683 2831 diceret,
697 2769 726 2819 Si
737 2770 761 2817 iri
771 2768 797 2817 in
807 2783 865 2833 pro·
903 2773 931 2817 et
953 2782 969 2816 s
988 2767 1061 2831 Sylla
1087 2768 1179 2818 eodem
1199 2770 1353 2823 Sacerdotis
1372 2785 1430 2820 mox

332 2842 431 2892 vineias
450 2842 541 2905 populi
562 2842 671 2892 Romani
686 2844 785 2903 issent3
804 2858 863 2893 nam
900 2844 1026 2894 multatos
1037 2850 1087 2895 est.

332 2930 420 2967 aarum
440 2923 569 2983 perpetua
587 2924 649 2968 nota
667 2932 732 2982 sors,
747 2919 812 2969 adeo
823 2927 863 2983 ut,
935 2920 1012 2969 Facit
1026 2920 1076 2970 lure
1091 2921 1208 2971 Suetonii
1226 2921 1301 2986 illud,
1311 2938 1336 2973 c.
1346 2926 1388 2973 tl.
1402 2920 1431 2971 ia

331 2994 411 3044 etiam
427 2993 448 3044 si
460 2993 547 3058 aliqua
564 2993 666 3044 oeeasio
676 2991 731 3057 fiat,
743 2998 773 3043 ut
783 2994 809 3043 ln
819 3008 863 3043 ess
903 2992 1038 3058 Augusto:
1058 2996 1067 3023 ‘
1079 2996 1210 3046 Nonnulla
1231 3012 1265 3047 ex
1286 2995 1431 3062 antiquissi-

332 3075 408 3119 eator
419 3069 474 3118 aine
486 3075 565 3133 sorte,
588 3077 671 3119 tamen
689 3076 751 3119 sorte
762 3070 865 3120 obtineri
902 3069 949 3118 mia
965 3070 1119 3120 cerimoniis
1139 3072 1265 3135 paulatim
1277 3073 1376 3122 abolita
1393 3084 1432 3121 re·

333 3144 467 3196 dicautur:
486 3145 864 3210 ntsrtpradalepid03etism
902 3144 997 3206 stituit,
1023 3152 1054 3194 ot
1074 3145 1166 3195 sallitis
1187 3148 1331 3211 augurium,
1356 3145 1429 3197 Diale

332 3219 865 3285 Asianortedepelleadsssreum,provineia
902 3219 1075 3269 Flaminium!
1091 3221 1196 3284 Bystas.

334 3295 425 3346 Allien
444 3303 522 3346 extra
538 3296 736 3361 ordinemdsta,
753 3297 863 3347 Aaiailli
935 3295 1079 3358 Ἔσται]
1105 3296 1186 3345 Testa
1206 3296 1307 3346 Velleio
1339 3308 1371 3345 11.
1389 3298 1429 3345 Ἀ.

333 3370 388 3420 sine
399 3377 469 3420 sorte
482 3375 592 3421 restaret
604 3370 724 3436 regenda.
764 3372 807 3422 Ita
821 3374 863 3423 lrie
902 3370 1025 3421 ‘Merula
1036 3379 1133 3436 saitem,
1143 3373 1187 3436 qni
1196 3386 1224 3421 se
1236 3372 1283 3422 snb
1295 3373 1432 3421 adventura

333 3446 518 3510 Maluginensis
528 3448 606 3511 petit,
615 3456 645 3497 ut
653 3447 864 3499 sibilieeatsorte
903 3446 993 3497 Cinna
1004 3448 1140 3497 consulatu
1152 3447 1330 3508 abdicarent,
1345 3446 1427 3497 isiciala

332 3519 420 3571 Asiam
441 3522 546 3585 habere,
571 3536 640 3586 eom,
660 3523 752 3575 eadem
774 3523 865 3575 Africa
903 3526 985 3587 senis,
1001 3524 1189 3592 superfusoque
1200 3526 1324 3576 altaribus
1335 3524 1428 3590 ιιιμιὶ-

333 3596 534 3647 extraordlnrm
545 3598 863 3663 Blaaoeontinuatmine
902 3615 943 3661 ne,
964 3616 1029 3665 qnos
1050 3616 1121 3666 saepe
1141 3617 1189 3667 pm
1211 3602 1294 3651 salute
1320 3601 1427 3665 Reipsb.

331 3678 403 3722 sorte
421 3686 479 3721 eam
499 3672 632 3721 habiturus
650 3679 728 3735 esset,
747 3674 769 3723 sl
789 3673 863 3725 fassi
902 3676 1009 3726 Flamen
1028 3675 1102 3726 dialis
1128 3687 1248 3739 praestus
1273 3686 1331 3726 erat
1355 3678 1428 3740 Deos,

333 3747 423 3811 egredi
448 3746 588 3809 pouroerio:
612 3754 640 3797 rt
661 3749 688 3798 in
709 3746 760 3799 tine
786 3750 861 3799 libri:
902 3752 1427 3817 eosinexecrationecinnaepartinmqae

331 3822 388 3872 ‘ita
400 3837 455 3873 sors
467 3823 536 3872 Asia
547 3823 571 3871 in
583 3838 651 3887 enm,
669 3825 713 3891 qui
724 3827 863 3876 consulari·
903 3828 957 3891 ejtrs
969 3836 1022 3876 turn
1037 3836 1166 3892 precatus,
1177 3831 1275 3891 optime
1284 3830 1319 3878 de
1330 3827 1426 3893 Repub.

332 3912 375 3947 um
395 3897 570 3961 Maluginensi
587 3901 717 3964 proximus
735 3904 863 3966 eraaeol·
903 3902 1296 3966 meritnmspiritumreddidit!

332 3973 403 4024 lats!
419 3975 549 4025 Mersersa.
933 3979 976 4028 Sir
999 3988 1027 4027 et
1050 3978 1185 4042 Appianas
1204 3981 1220 4027 l.
1242 3993 1260 4028 ι.
1284 3977 1346 4028 bell.
1364 3976 1426 4028 usu.

364 4051 374 4081 ⁸
388 4049 486 4099 Dolo
501 4056 525 4099 et
538 4053 689 4115 septuaginta
699 4052 779 4117 mais]
796 4054 862 4103 Con·
902 4054 1027 4104 ‘Memls
1038 4056 1141 4121 quidem
1154 4070 1234 4104 venas
1250 4052 1363 4104 abscidit
1373 4050 1427 4115 albi,

333 4127 386 4172 stat
397 4124 472 4176 ratio.
506 4126 574 4175 Nam
584 4128 688 4178 Merula
697 4128 863 4191 interiectus,
902 4130 1043 4195 tabulaque
1063 4130 1102 4179 illi
1123 4133 1245 4195 apposita
1265 4128 1427 4192 ostendebat,

322 4210 406 4249 ranno·
420 4200 490 4252 urbis
509 4206 568 4254 nuti.
605 4201 862 4256 emerentianes
899 4205 986 4273 ipsum
1003 4206 1153 4272 priusquam
1168 4215 1270 4258 mearet
1280 4218 1370 4271 senas,
1378 4202 1425 4270 spi·
