3159 4917
216 361 352 425 uere]
568 352 774 403 euuanruu
798 350 873 401 era.
894 298 952 399 xi.
1230 323 1318 389 1047

219 478 453 581 Rhenumquev
473 494 572 561 utum
591 502 625 560 et
645 495 764 579 viginti
777 494 936 559 millium*
957 489 1068 574 spatio
1080 487 1223 552 fossam*
1244 498 1320 565 per·

216 694 325 759 titudine
337 692 411 743 triasa
420 697 445 741 et
455 690 546 753 uiginti
554 690 661 755 millia,
671 688 735 739 ister
745 688 840 741 Mona
850 691 874 737 st
884 685 994 737 um
1000 699 1010 745 ,¹
1025 698 1072 748 qao
1082 682 1161 733 betia
1170 695 1217 731 seu
1227 682 1321 729 natue

716 872 832 936 uene,

217 990 251 1041 ad
270 989 297 1040 id
316 995 417 1053 tempus
435 1003 477 1038 rea
496 987 522 1037 iu
539 985 680 1037 Germania
696 983 751 1035 lue·
790 986 877 1051 pbalia
888 990 941 1035 tarn
959 981 1049 1032 multis
1069 986 1174 1043 tamque
1191 974 1268 1025 facile
1278 974 1323 1024 da·

219 1071 288 1127 rant,
300 1066 404 1129 ingenio
416 1062 572 1129 ducum,qui
592 1061 751 1127 pervulgatis
791 1064 839 1123 dit,
862 1067 891 1111 nt
911 1059 1023 1123 epistola
1043 1052 1172 1106 communi
1194 1050 1323 1115 legionum

220 1142 342 1205 triumphi
355 1141 503 1203 insignibus,
520 1139 601 1201 majus
617 1152 650 1185 ex
665 1150 697 1187 eo
708 1135 752 1185 de·
791 1137 896 1186 nomine
908 1133 1036 1194 extiterit,
1051 1130 1203 1195 petentium,
1213 1134 1244 1177 nt
1253 1127 1323 1191 lega·

219 1232 266 1270 cus
277 1218 425 1283 sperabant,
436 1218 455 1265 si
473 1230 564 1279 pacem
580 1212 752 1263 continuaris·
791 1214 825 1263 tis
836 1208 1022 1271 consularibus,
1040 1208 1116 1255 simul
1127 1216 1186 1253 cum
1197 1201 1325 1263 exercitu,

218 1300 292 1352 seut;
311 1293 442 1356 etipsimet
456 1290 582 1339 Corbuloni
598 1288 705 1352 insignia
716 1293 753 1337 ts·
792 1296 821 1338 et
832 1285 996 1349 triumphalia
1014 1283 1149 1341 darentur,
1167 1294 1201 1329 ue
1219 1288 1325 1329 causam

220 1380 279 1417 meu
291 1368 413 1430 triumphi
431 1365 538 1415 indulsit
557 1364 654 1427 Caesar,
666 1378 752 1429 quam·
793 1362 853 1413 belli
873 1357 1053 1425 quoquomodo
1065 1360 1214 1421 quaererent
1223 1352 1239 1415 ;’
1257 1352 1325 1418 quod

220 1443 259 1491 ris
269 1442 363 1492 bellum
376 1440 540 1504 negavisset?
790 1438 858 1488 idem
869 1444 919 1500 cat,
940 1450 979 1498 ac,
988 1448 1021 1484 nc
1031 1433 1106 1482 oliam
1122 1446 1168 1481 sen
1179 1442 1272 1494 pacem
1282 1442 1325 1478 e:-

254 1518 340 1568 Etiam
357 1518 418 1567 Tne.
432 1529 482 1564 ιιι.
494 1520 535 1565 25.
551 1514 663 1564 ‘Otium
682 1512 753 1576 loris,
792 1516 883 1563 meat.

220 1592 290 1644 indu
312 1593 382 1643 domi
404 1591 532 1652 lascivia;'
558 1595 586 1640 et
607 1590 678 1653 apud
697 1590 754 1639 le.
824 1588 888 1637 θΝι
903 1580 1097 1645 olima-umet]
1112 1579 1237 1644 Explicat
1251 1575 1326 1627 Taci-

220 1670 228 1699 ‘
241 1670 360 1722 Quietem
373 1666 486 1717 exuere!
518 1666 603 1729 Igitur
614 1666 694 1728 suajus
710 1664 754 1713 de·
793 1672 835 1716 tus
847 1664 909 1729 quid
925 1664 960 1712 sit
970 1662 1052 1722 otissa,
1066 1659 1083 1708 l.
1095 1671 1115 1707 1.
1131 1657 1139 1684 ⁴
1155 1654 1270 1719 Propriis
1280 1664 1326 1701 no-

222 1760 267 1795 cus
285 1744 432 1815 sperabant,
449 1744 469 1792 si
487 1742 559 1791 miles
577 1756 627 1790 non
645 1745 754 1789 exueret
793 1739 905 1791 minibus
916 1739 1037 1790 incusant
1055 1733 1158 1794 sallum,
1174 1728 1263 1793 lusu,
1282 1742 1327 1792 pa·

222 1822 313 1872 otium.
347 1820 420 1869 Idem
439 1820 504 1869 Tac.
521 1822 613 1868 rute.
635 1818 755 1867 ‘Eodem
795 1818 857 1880 buli,
867 1813 992 1877 materia,
1009 1811 1138 1875 lignorum
1157 1806 1328 1869 macetum

222 1912 289 1946 auno
306 1896 392 1957 Frisii,
407 1896 617 1944 'l'ruusrbenunus
635 1894 755 1957 populus,
795 1896 816 1945 si
828 1908 878 1959 qua
888 1893 939 1942 alla
949 1906 983 1940 ex
994 1886 1159 1947 necessitate,
1176 1886 1221 1932 aut
1237 1880 1329 1929 adver·

223 1986 314 2037 pacem
324 1984 429 2031 exuere,
437 1978 525 2020 nostra
534 1968 616 2031 magis
629 1968 756 2030 avaritin,'
794 1985 838 2019 sus
851 1969 931 2019 otium
941 1971 1083 2016 castrorum
1093 1956 1261 2027 queruntur!
1272 1954 1329 2004 Me·

223 2054 272 2096 etc.
307 2048 341 2096 Et
361 2046 450 2107 Agris.
472 2048 510 2095 te.
535 2042 606 2092 ‘Sed
627 2042 757 2092 discordia
797 2044 890 2094 tnebat
901 2040 1023 2101 Corbulo,
1031 2050 1065 2088 ne
1074 2037 1168 2086 milites
1179 2034 1262 2084 otium
1273 2044 1330 2081 eas·

220 2122 375 2181 laboratum,
385 2132 443 2166 cum
454 2122 571 2166 assuetus
582 2118 757 2179 expeditioni·
796 2128 894 2170 trorum
903 2123 1045 2168 exuerent:
1059 2111 1176 2170 timebat,
1183 2121 1330 2174 nempc,na

224 2197 273 2247 bus
285 2197 360 2245 miles
371 2190 581 2243 otiolnsciviret.'
799 2190 879 2241 nimio
896 2192 1042 2256 otio,otiasn
1059 2204 1106 2240 seu
1121 2188 1233 2253 quietem
1250 2195 1329 2233 exue·

255 2273 340 2337 igitur
357 2285 412 2335 prae
431 2271 485 2319 otlo
505 2266 658 2317 lasciviebat
675 2266 758 2328 miles,
797 2274 867 2327 rent,
877 2279 911 2313 ue
930 2280 984 2327 prae
1004 2269 1058 2312 otia
1076 2272 1106 2315 et
1116 2262 1221 2313 lascinia
1238 2270 1331 2325 pacem

224 2353 250 2399 et
268 2364 301 2397 ex
312 2346 417 2397 lascivia
432 2346 460 2394 lu
472 2343 637 2405 seditionem,
648 2356 681 2391 ex
692 2341 759 2391 sedi·
795 2338 898 2403 imperii
908 2337 1053 2386 turbarent.
1327 2322 1334 2348 ”

225 2426 295 2474 tione
306 2424 333 2471 iu
345 2423 442 2471 bellum
458 2420 534 2470 ciuile
553 2418 712 2483 proruebat,
730 2424 758 2466 et
830 2415 922 2463 'later
933 2413 1027 2461 Mosam
1034 2408 1200 2471 mmet]
1209 2408 1331 2458 Diocon·

224 2500 261 2548 sic
281 2512 335 2561 pros
350 2496 428 2545 nimio
447 2496 510 2558 otio,
525 2494 655 2544 etiamseu
668 2506 758 2557 paoem
798 2489 892 2540 sentit:
912 2486 1037 2537 ‘Fossam
1059 2482 1136 2531 duxit
1157 2496 1192 2530 ex
1214 2482 1330 2543 regiona,

225 2574 299 2625 miles
319 2572 438 2621 exuebat.
472 2570 558 2634 Igitur
574 2570 660 2633 aliquo
678 2582 758 2632 opere
798 2570 908 2629 quaest
917 2562 985 2611 iuter
993 2560 1110 2608 Rbenuru
1119 2561 1148 2604 et
1157 2554 1269 2616 Mosam,
1280 2568 1331 2618 per

225 2658 252 2699 et
272 2650 360 2699 labore
383 2646 543 2696 exercendus
562 2653 590 2695 et
612 2644 760 2709 fatigandus
797 2647 903 2693 centurn
914 2645 942 2689 et
950 2635 1116 2701 septuaginta
1125 2631 1227 2682 stadia!
1259 2631 1335 2694 Nam-

225 2724 276 2776 l'uit
286 2725 371 2781 miles,
382 2728 410 2771 et
422 2728 494 2771 certe
506 2720 562 2769 lere
577 2728 633 2771 toto
651 2721 759 2784 imperio
798 2714 884 2767 stadia
895 2720 999 2765 centum
1015 2716 1044 2760 et
1063 2706 1230 2772 septuaginta
1239 2705 1332 2757 millia·

226 2799 327 2850 Clandii
341 2800 447 2849 metallo
457 2797 584 2848 foderuut
593 2798 718 2861 legiones.
799 2793 839 2841 ria
858 2789 996 2841 conficiunt
1012 2786 1064 2836 tria
1076 2792 1105 2834 et
1117 2783 1217 2847 viginti,
1232 2780 1332 2831 duobus

257 2876 317 2926 Tac.
342 2876 442 2928 Quibus
461 2875 591 2924 laboribus
613 2876 621 2901 ‘
638 2874 761 2923 subactus
800 2868 892 2919 stadiis
903 2872 931 2915 et
949 2862 1122 2914 seminudus:
1140 2860 1179 2909 ita
1189 2864 1220 2907 nt
1229 2862 1333 2919 septem

226 2950 309 3013 miles,
320 2956 348 2999 et
357 2951 416 3015 qula
426 2952 512 3014 plures
519 2948 715 3013 perproviucias
727 2948 761 2996 si·
800 2944 885 2995 stadia
902 2956 961 2992 cum
978 2936 1085 2988 dimidio
1105 2948 1152 2999 pro
1170 2932 1272 2983 milliari
1288 2944 1333 2981 ea·

226 3026 296 3077 milis
306 3027 495 3089 tolerabantur,
504 3024 635 3089 componit
645 3024 761 3073 occultas
801 3021 875 3084 pias;
899 3016 969 3083 quod
988 3011 1123 3063 Plutarclr.
1148 3007 1250 3069 Suidas,
1276 3006 1332 3056 atii·

227 3102 323 3166 literas,
345 3102 448 3151 nomine
465 3100 637 3162 exercituum,
656 3112 762 3162 precau-
799 3108 849 3160 quc
860 3095 1023 3142 monuerunt.

228 3180 292 3230 tium
303 3179 510 3243 Imperatorem,'
523 3182 571 3227 dcc.
832 3170 967 3231 Interprea
987 3172 1074 3213 tamen
1093 3154 1334 3209 mouu‘nittiaetn

259 3258 294 3307 Ει
308 3260 370 3319 mo,
382 3258 427 3322 qui
438 3258 503 3307 punc
521 3256 654 3306 umorum
671 3268 705 3304 εχ
714 3254 762 3304 ²1¹2.
804 3244 874 3295 aar!
886 3243 981 3292 vertir:
998 3245 1028 3288 et
1037 3235 1121 3299 addit,
1132 3247 1184 3284 uon
1194 3231 1334 3283 conveniru

229 3334 281 3384 cito
293 3336 379 3385 bausit
391 3341 417 3383 et
428 3333 547 3394 invertit,
563 3334 639 3381 utum
653 3328 716 3379 illud
730 3329 763 3378 de
803 3324 907 3374 illicum
923 3316 1197 3370 cornelianamtioue.
1228 3311 1340 3381 Lipsiae.

227 3423 292 3473 pace
309 3410 447 3468 intellexit,
468 3409 485 3457 l.
497 3420 543 3457 ux.
555 3406 588 3454 de
601 3404 762 3455 Corbulone:
804 3402 869 3450 suut
879 3404 979 3461 septem
991 3396 1073 3443 leuce
1090 3388 1242 3451 Gallic1e‚si
1253 3400 1335 3452 ponas

228 3483 267 3533 sni
278 3482 356 3541 deeuti
365 3501 396 3545 γε
407 3480 518 3546 ebbone,
528 3478 680 3543 διετάφρευσε
687 3481 716 3528 tl
725 3480 765 3528 nb·
805 3476 854 3526 tria
862 3472 982 3524 milliaria
990 3483 1037 3535 pro
1047 3471 1121 3520 leuca
1126 3467 1238 3531 Gallica,
1244 3464 1266 3514 ai
1272 3463 1335 3524 duo,

229 3563 278 3610 τᾶν
289 3562 336 3609 πᾶν
352 3558 381 3607 eb
391 3557 479 3620 μεταξὺ
494 3556 537 3605 τοῦ
545 3574 573 3605 rs
582 3554 664 3615 Ῥήνου
673 3554 713 3605 sal
722 3556 766 3605 rui
805 3550 903 3601 fuerint
914 3549 1004 3600 decem
1020 3548 1119 3606 leucos3
1136 3550 1165 3593 et
1181 3543 1219 3592 sic
1238 3553 1335 3603 suppu-

230 3636 320 3702 btdoov,
332 3642 437 3687 oratioue
451 3636 611 3699 ἑβδομήκοντα
621 3635 660 3685 aul
671 3632 765 3695 lucror,
805 3629 856 3677 tari
867 3627 964 3677 debere
975 3623 1043 3687 apud
1054 3624 1115 3671 Tac.
1127 3618 1231 3669 aliunde
1247 3613 1335 3678 colligi

228 3718 275 3765 dcc.
292 3716 300 3743 ‘
318 3716 387 3767 eria
410 3730 500 3777 pacem
518 3714 656 3775 habebant,
669 3710 764 3761 fossam
804 3704 894 3768 pettit·

229 3788 379 3853 duxit,'&c.
408 3788 652 3847 brunswicensem
669 3795 762 3851 pacem
837 3782 905 3830 later
923 3780 1017 3829 semu
1039 3768 1203 3835 Rham]
1228 3767 1279 3818 '1¹²¹'
1303 3780 1337 3816 θ*

230 3882 305 3931 qnam
316 3866 458 3927 habebant,
476 3866 611 3915 trrrbnrent
624 3878 671 3927 per
688 3862 763 3912 lesci-
804 3861 905 3906 tentata
922 3868 964 3902 rea
976 3855 1027 3911 est,
1038 3853 1163 3913 limium
1181 3857 1224 3893 ¹²¹0
1241 3840 1337 3907 ¹²ss¹⁸⁸0

230 3942 297 3991 viam
310 3951 337 3993 et
350 3944 513 3992 seditionem.
803 3934 917 3994 memini,
929 3929 975 3978 scd
993 3942 1044 3976 nou
1059 3921 1241 3975 ttsdemtocis:
1258 3921 1339 3971 aauaa'
1424 3953 1432 3970 .

263 4018 349 4085 Igitur
359 4019 410 4077 bic,
422 4034 455 4068 ue
472 4018 545 4068 miles
561 4016 641 4066 otium
653 4020 680 4064 et
691 4013 764 4063 obse·
805 4015 893 4060 tamen
904 4018 1007 4069 semper
1017 4002 1108 4052 eadem
1119 4004 1250 4048 manente.
1278 3995 1337 4047 Pri-

232 4095 320 4159 quium
337 4101 454 4158 exueret,
476 4094 645 4144 exercebatur
665 4089 765 4139 lubere.
804 4098 873 4153 mum
892 4097 908 4132 a
926 4074 1137 4140 corbulone,qui
1152 4079 1255 4123 tautum
1267 4070 1336 4134 eogi-

230 4170 273 4223 tlio
292 4170 372 4223 etiam
390 4172 465 4223 Suet.
483 4165 629 4221 Claudat.
643 4168 651 4198 ⁶
664 4166 766 4217 'frium-
803 4160 871 4213 tavit
892 4164 922 4211 ut
940 4150 1168 4237 ineerta-Oceani
1185 4152 1336 4204 vomuntur
