<?xml version="1.0" encoding="UTF-8"?>
<!DOCTYPE html PUBLIC "-//W3C//DTD XHTML 1.0 Transitional//EN"
    "http://www.w3.org/TR/xhtml1/DTD/xhtml1-transitional.dtd">
<html xmlns="http://www.w3.org/1999/xhtml" xml:lang="en" lang="en">
 <head>
  <title>
</title>
<meta http-equiv="Content-Type" content="text/html;charset=utf-8" />
  <meta name='ocr-system' content='tesseract 3.04.00' />
  <meta name='ocr-capabilities' content='ocr_page ocr_carea ocr_par ocr_line ocrx_word'/>
</head>
<body>
  <div class='ocr_page' id='page_1' title='image "./operaomnia02tacigoog_0451.png"; bbox 0 0 3159 4917; ppageno 0'>
   <div class='ocr_carea' id='block_1_1' title="bbox 132 430 1234 516">
    <p class='ocr_par' dir='ltr' id='par_1_1' title="bbox 132 430 1234 516">
     <span class='ocr_line' id='line_1_1' title="bbox 132 430 1234 516; baseline -0.007 -15"><span class='ocrx_word' id='word_1_1' title='bbox 132 449 269 516; x_wconf 58' lang='lat' dir='ltr'>scon]</span> <span class='ocrx_word' id='word_1_2' title='bbox 484 442 698 513; x_wconf 72' lang='lat' dir='ltr'>auusmuu</span> <span class='ocrx_word' id='word_1_3' title='bbox 722 446 796 495; x_wconf 81' lang='lat' dir='ltr'>nra.</span> <span class='ocrx_word' id='word_1_4' title='bbox 823 445 870 497; x_wconf 83' lang='grc' dir='ltr'>νι.</span> <span class='ocrx_word' id='word_1_5' title='bbox 1167 430 1234 501; x_wconf 74' lang='lat' dir='ltr'>tm</span> 
     </span>
    </p>
   </div>
   <div class='ocr_carea' id='block_1_2' title="bbox 133 587 1236 1482">
    <p class='ocr_par' dir='ltr' id='par_1_2' title="bbox 133 587 1236 1482">
     <span class='ocr_line' id='line_1_2' title="bbox 134 587 1235 674; baseline 0.002 -20"><span class='ocrx_word' id='word_1_6' title='bbox 134 592 281 656; x_wconf 87' lang='lat' dir='ltr'>incertus</span> <span class='ocrx_word' id='word_1_7' title='bbox 304 588 420 664; x_wconf 87' lang='lat' dir='ltr'>animi,</span> <span class='ocrx_word' id='word_1_8' title='bbox 443 587 533 651; x_wconf 81' lang='lat' dir='ltr'>sesso</span> <span class='ocrx_word' id='word_1_9' title='bbox 560 598 709 671; x_wconf 84' lang='lat' dir='ltr'>corpore,</span> <span class='ocrx_word' id='word_1_10' title='bbox 734 592 922 667; x_wconf 86' lang='lat' dir='ltr'>consilium,</span> <span class='ocrx_word' id='word_1_11' title='bbox 946 592 1001 655; x_wconf 89' lang='lat' dir='ltr'>cui</span> <span class='ocrx_word' id='word_1_12' title='bbox 1024 590 1130 674; x_wconf 82' lang='lat' dir='ltr'>impar</span> <span class='ocrx_word' id='word_1_13' title='bbox 1152 598 1235 669; x_wconf 85' lang='lat' dir='ltr'>erat,-</span> 
     </span>
     <span class='ocr_line' id='line_1_3' title="bbox 133 689 1236 775; baseline 0.005 -20"><span class='ocrx_word' id='word_1_14' title='bbox 133 692 206 757; x_wconf 78' lang='lat' dir='ltr'>sato</span> <span class='ocrx_word' id='word_1_15' title='bbox 218 691 387 774; x_wconf 81' lang='lat' dir='ltr'>permisit3</span> <span class='ocrx_word' id='word_1_16' title='bbox 404 689 507 773; x_wconf 86' lang='lat' dir='ltr'>jactis</span> <span class='ocrx_word' id='word_1_17' title='bbox 519 694 629 753; x_wconf 86' lang='lat' dir='ltr'>tamen</span> <span class='ocrx_word' id='word_1_18' title='bbox 643 691 795 767; x_wconf 82' lang='lat' dir='ltr'>vocibus,</span> <span class='ocrx_word' id='word_1_19' title='bbox 817 712 877 773; x_wconf 90' lang='lat' dir='ltr'>per</span> <span class='ocrx_word' id='word_1_20' title='bbox 899 712 984 775; x_wconf 82' lang='lat' dir='ltr'>quus</span> <span class='ocrx_word' id='word_1_21' title='bbox 1007 694 1236 775; x_wconf 82' lang='lat' dir='ltr'>intelligeretur</span> 
     </span>
     <span class='ocr_line' id='line_1_4' title="bbox 133 789 1234 877; baseline 0.005 -22"><span class='ocrx_word' id='word_1_22' title='bbox 133 793 295 877; x_wconf 82' lang='lat' dir='ltr'>providus</span> <span class='ocrx_word' id='word_1_23' title='bbox 320 789 523 855; x_wconf 66' lang='lat' dir='ltr'>futurorum.t</span> <span class='ocrx_word' id='word_1_24' title='bbox 568 790 721 873; x_wconf 79' lang='lat' dir='ltr'>Namque</span> <span class='ocrx_word' id='word_1_25' title='bbox 747 792 912 871; x_wconf 87' lang='lat' dir='ltr'>Macroni,</span> <span class='ocrx_word' id='word_1_26' title='bbox 938 814 1002 857; x_wconf 89' lang='lat' dir='ltr'>non</span> <span class='ocrx_word' id='word_1_27' title='bbox 1029 794 1140 857; x_wconf 84' lang='lat' dir='ltr'>abdita</span> <span class='ocrx_word' id='word_1_28' title='bbox 1165 814 1234 861; x_wconf 68' lang='lat' dir='ltr'>amr</span> 
     </span>
     <span class='ocr_line' id='line_1_5' title="bbox 135 890 1235 979; baseline 0.004 -23"><span class='ocrx_word' id='word_1_29' title='bbox 135 893 235 974; x_wconf 78' lang='lat' dir='ltr'>bage,</span> <span class='ocrx_word' id='word_1_30' title='bbox 250 897 261 925; x_wconf 86' lang='lat'>‘</span> <span class='ocrx_word' id='word_1_31' title='bbox 276 891 488 956; x_wconf 84' lang='lat' dir='ltr'>Occidentem</span> <span class='ocrx_word' id='word_1_32' title='bbox 502 893 601 954; x_wconf 88' lang='lat' dir='ltr'>abeo</span> <span class='ocrx_word' id='word_1_33' title='bbox 615 890 748 968; x_wconf 80' lang='lat' dir='ltr'>descri,¹&#39;</span> <span class='ocrx_word' id='word_1_34' title='bbox 761 892 930 959; x_wconf 81' lang='lat' dir='ltr'><strong>Orientem</strong></span> <span class='ocrx_word' id='word_1_35' title='bbox 946 894 1100 977; x_wconf 80' lang='lat' dir='ltr'>spectari&#39;</span> <span class='ocrx_word' id='word_1_36' title='bbox 1113 915 1235 979; x_wconf 85' lang='lat' dir='ltr'>expro-</span> 
     </span>
     <span class='ocr_line' id='line_1_6' title="bbox 134 990 1234 1080; baseline 0.005 -24"><span class='ocrx_word' id='word_1_37' title='bbox 134 994 253 1059; x_wconf 84' lang='lat' dir='ltr'>bravit.</span> <span class='ocrx_word' id='word_1_38' title='bbox 297 992 341 1057; x_wconf 88' lang='lat' dir='ltr'>Et</span> <span class='ocrx_word' id='word_1_39' title='bbox 363 990 403 1057; x_wconf 83' lang='lat' dir='ltr'>C.</span> <span class='ocrx_word' id='word_1_40' title='bbox 418 991 560 1069; x_wconf 74' lang='lat' dir='ltr'>Caesam,</span> <span class='ocrx_word' id='word_1_41' title='bbox 579 992 660 1056; x_wconf 84' lang='lat' dir='ltr'>forte</span> <span class='ocrx_word' id='word_1_42' title='bbox 684 999 758 1058; x_wconf 90' lang='lat' dir='ltr'>orto</span> <span class='ocrx_word' id='word_1_43' title='bbox 779 1014 935 1073; x_wconf 84' lang='lat' dir='ltr'>sermone,</span> <span class='ocrx_word' id='word_1_44' title='bbox 961 996 998 1061; x_wconf 86' lang='lat' dir='ltr'>L.</span> <span class='ocrx_word' id='word_1_45' title='bbox 1015 996 1140 1080; x_wconf 82' lang='lat' dir='ltr'>Syllam</span> <span class='ocrx_word' id='word_1_46' title='bbox 1164 996 1234 1061; x_wconf 90' lang='lat' dir='ltr'>irri-</span> 
     </span>
     <span class='ocr_line' id='line_1_7' title="bbox 136 1094 1235 1181; baseline 0.002 -24"><span class='ocrx_word' id='word_1_47' title='bbox 136 1094 235 1171; x_wconf 86' lang='lat' dir='ltr'>denti,</span> <span class='ocrx_word' id='word_1_48' title='bbox 260 1095 396 1157; x_wconf 87' lang='lat' dir='ltr'>‘omnia</span> <span class='ocrx_word' id='word_1_49' title='bbox 413 1094 517 1177; x_wconf 82' lang='lat' dir='ltr'>Syllae</span> <span class='ocrx_word' id='word_1_50' title='bbox 538 1094 986 1181; x_wconf 82' lang='lat' dir='ltr'>vitia,etnu11amejnsdem</span> <span class='ocrx_word' id='word_1_51' title='bbox 1008 1099 1162 1161; x_wconf 78' lang='lat' dir='ltr'>virtutem</span> <span class='ocrx_word' id='word_1_52' title='bbox 1176 1098 1235 1161; x_wconf 86' lang='lat' dir='ltr'>ba·</span> 
     </span>
     <span class='ocr_line' id='line_1_8' title="bbox 135 1194 1234 1283; baseline 0.004 -26"><span class='ocrx_word' id='word_1_53' title='bbox 135 1194 304 1272; x_wconf 87' lang='lat' dir='ltr'>biturum,&#39;</span> <span class='ocrx_word' id='word_1_54' title='bbox 324 1195 517 1277; x_wconf 76' lang='lat' dir='ltr'>praedixitz&#39;</span> <span class='ocrx_word' id='word_1_55' title='bbox 538 1194 637 1259; x_wconf 81' lang='lat' dir='ltr'>aimnl</span> <span class='ocrx_word' id='word_1_56' title='bbox 653 1197 776 1260; x_wconf 82' lang='lat' dir='ltr'><strong>crebris</strong></span> <span class='ocrx_word' id='word_1_57' title='bbox 798 1217 874 1261; x_wconf 91' lang='lat' dir='ltr'>cum</span> <span class='ocrx_word' id='word_1_58' title='bbox 895 1198 1050 1283; x_wconf 83' lang='lat' dir='ltr'>lacrymis</span> <span class='ocrx_word' id='word_1_59' title='bbox 1075 1199 1234 1262; x_wconf 84' lang='lat' dir='ltr'>minorem</span> 
     </span>
     <span class='ocr_line' id='line_1_9' title="bbox 136 1298 1235 1380; baseline 0.001 -20"><span class='ocrx_word' id='word_1_60' title='bbox 136 1315 181 1360; x_wconf 85' lang='lat' dir='ltr'>ex</span> <span class='ocrx_word' id='word_1_61' title='bbox 205 1298 382 1380; x_wconf 82' lang='lat' dir='ltr'>nepotibus</span> <span class='ocrx_word' id='word_1_62' title='bbox 405 1298 613 1380; x_wconf 85' lang='lat' dir='ltr'>complexus,</span> <span class='ocrx_word' id='word_1_63' title='bbox 638 1299 725 1361; x_wconf 91' lang='lat' dir='ltr'>truci</span> <span class='ocrx_word' id='word_1_64' title='bbox 751 1300 885 1363; x_wconf 80' lang='lat' dir='ltr'>alterius</span> <span class='ocrx_word' id='word_1_65' title='bbox 911 1301 1003 1364; x_wconf 87' lang='lat' dir='ltr'>vultu</span> <span class='ocrx_word' id='word_1_66' title='bbox 1013 1308 1042 1364; x_wconf 70' lang='grc' dir='ltr'>ε’</span> <span class='ocrx_word' id='word_1_67' title='bbox 1065 1298 1235 1363; x_wconf 85' lang='lat' dir='ltr'>‘Occides</span> 
     </span>
     <span class='ocr_line' id='line_1_10' title="bbox 135 1398 1234 1482; baseline 0.003 -22"><span class='ocrx_word' id='word_1_68' title='bbox 135 1398 235 1461; x_wconf 87' lang='lat' dir='ltr'>bunc¹</span> <span class='ocrx_word' id='word_1_69' title='bbox 250 1398 308 1474; x_wconf 86' lang='lat' dir='ltr'>tu‚’</span> <span class='ocrx_word' id='word_1_70' title='bbox 321 1399 441 1481; x_wconf 90' lang='lat' dir='ltr'>inquit,</span> <span class='ocrx_word' id='word_1_71' title='bbox 458 1403 513 1463; x_wconf 86' lang='lat' dir='ltr'>‘et</span> <span class='ocrx_word' id='word_1_72' title='bbox 526 1405 558 1479; x_wconf 80' lang='lat' dir='ltr'>te</span> <span class='ocrx_word' id='word_1_73' title='bbox 574 1398 683 1463; x_wconf 88' lang='lat' dir='ltr'>alius.&#39;</span> <span class='ocrx_word' id='word_1_74' title='bbox 727 1398 795 1463; x_wconf 85' lang='lat' dir='ltr'>Sed</span> <span class='ocrx_word' id='word_1_75' title='bbox 809 1406 1023 1482; x_wconf 77' lang='lat' dir='ltr'>gravescente</span> <span class='ocrx_word' id='word_1_76' title='bbox 1037 1400 1234 1477; x_wconf 83' lang='lat' dir='ltr'>valetudine,</span> 
     </span>
    </p>
   </div>
   <div class='ocr_carea' id='block_1_3' title="bbox 133 1580 1238 2033">
    <p class='ocr_par' dir='ltr' id='par_1_3' title="bbox 133 1580 1238 2033">
     <span class='ocr_line' id='line_1_11' title="bbox 133 1580 1235 1703; baseline 0.001 -75"><span class='ocrx_word' id='word_1_77' title='bbox 133 1580 346 1703; x_wconf 43' lang='lat' dir='ltr'>mecedem</span> <span class='ocrx_word' id='word_1_78' title='bbox 352 1581 456 1691; x_wconf 49' lang='grc' dir='ltr'>ριιὶιάεηῖ</span> <span class='ocrx_word' id='word_1_79' title='bbox 463 1580 538 1672; x_wconf 68' lang='lat' dir='ltr'>ocimi</span> <span class='ocrx_word' id='word_1_80' title='bbox 548 1585 646 1694; x_wconf 49' lang='lat' dir='ltr'>etetgro</span> <span class='ocrx_word' id='word_1_81' title='bbox 661 1597 764 1694; x_wconf 50' lang='lat' dir='ltr'>mabrica,</span> <span class='ocrx_word' id='word_1_82' title='bbox 773 1582 921 1645; x_wconf 78' lang='lat' dir='ltr'>prudentiam</span> <span class='ocrx_word' id='word_1_83' title='bbox 931 1582 970 1631; x_wconf 79' lang='lat' dir='ltr'>cui</span> <span class='ocrx_word' id='word_1_84' title='bbox 980 1598 1026 1631; x_wconf 78' lang='lat' dir='ltr'>aea</span> <span class='ocrx_word' id='word_1_85' title='bbox 1032 1580 1167 1695; x_wconf 44' lang='lat' dir='ltr'>fficiam·</span> <span class='ocrx_word' id='word_1_86' title='bbox 1176 1581 1235 1644; x_wconf 81' lang='lat' dir='ltr'>ipae,</span> 
     </span>
     <span class='ocr_line' id='line_1_12' title="bbox 243 1644 1237 1771; baseline 0.003 -15.711"><span class='ocrx_word' id='word_1_87' title='bbox 243 1644 1237 1771; x_wconf 36' lang='lat' dir='ltr'>summumst&amp;</span> 
     </span>
     <span class='ocr_line' id='line_1_13' title="bbox 138 1772 1237 1838; baseline 0.007 -21"><span class='ocrx_word' id='word_1_88' title='bbox 138 1772 258 1834; x_wconf 84' lang='lat' dir='ltr'>relrnan,</span> <span class='ocrx_word' id='word_1_89' title='bbox 270 1772 407 1822; x_wconf 78' lang='lat' dir='ltr'>Orientem</span> <span class='ocrx_word' id='word_1_90' title='bbox 417 1787 513 1835; x_wconf 62' lang='lat' dir='ltr'>septem</span> <span class='ocrx_word' id='word_1_91' title='bbox 528 1779 552 1821; x_wconf 86' lang='lat' dir='ltr'>et</span> <span class='ocrx_word' id='word_1_92' title='bbox 564 1775 711 1835; x_wconf 67' lang='lat' dir='ltr'>Caligulam,</span> <span class='ocrx_word' id='word_1_93' title='bbox 722 1775 767 1838; x_wconf 86' lang='lat' dir='ltr'>qni</span> <span class='ocrx_word' id='word_1_94' title='bbox 780 1774 847 1831; x_wconf 75' lang='lat' dir='ltr'>sorte</span> <span class='ocrx_word' id='word_1_95' title='bbox 858 1780 921 1823; x_wconf 79' lang='lat' dir='ltr'>mter</span> <span class='ocrx_word' id='word_1_96' title='bbox 931 1776 1068 1837; x_wconf 72' lang='lat' dir='ltr'>colloquantur</span> <span class='ocrx_word' id='word_1_97' title='bbox 1079 1774 1197 1823; x_wconf 72' lang='lat' dir='ltr'>derideret</span> <span class='ocrx_word' id='word_1_98' title='bbox 1207 1775 1237 1825; x_wconf 71' lang='lat' dir='ltr'>L</span> 
     </span>
     <span class='ocr_line' id='line_1_14' title="bbox 139 1834 1237 1901; baseline 0.002 -16"><span class='ocrx_word' id='word_1_99' title='bbox 139 1834 239 1897; x_wconf 72' lang='lat' dir='ltr'>Sydon,</span> <span class='ocrx_word' id='word_1_100' title='bbox 252 1838 510 1899; x_wconf 68' lang='lat' dir='ltr'>prmit,cuncta</span> <span class='ocrx_word' id='word_1_101' title='bbox 524 1836 603 1899; x_wconf 75' lang='lat' dir='ltr'>Syllae</span> <span class='ocrx_word' id='word_1_102' title='bbox 619 1836 727 1901; x_wconf 73' lang='lat' dir='ltr'>flagitia,</span> <span class='ocrx_word' id='word_1_103' title='bbox 745 1845 773 1887; x_wconf 89' lang='lat' dir='ltr'>et</span> <span class='ocrx_word' id='word_1_104' title='bbox 789 1840 884 1887; x_wconf 86' lang='lat' dir='ltr'>nnllam</span> <span class='ocrx_word' id='word_1_105' title='bbox 903 1838 1026 1889; x_wconf 87' lang='lat' dir='ltr'>bonarum</span> <span class='ocrx_word' id='word_1_106' title='bbox 1046 1838 1139 1887; x_wconf 84' lang='lat' dir='ltr'>artium</span> <span class='ocrx_word' id='word_1_107' title='bbox 1158 1836 1237 1900; x_wconf 80' lang='lat' dir='ltr'>ipsius</span> 
     </span>
     <span class='ocr_line' id='line_1_15' title="bbox 138 1898 1238 1965; baseline 0.003 -18"><span class='ocrx_word' id='word_1_108' title='bbox 138 1898 287 1948; x_wconf 82' lang='lat' dir='ltr'>babituram</span> <span class='ocrx_word' id='word_1_109' title='bbox 297 1916 304 1959; x_wconf 92' lang='lat'>;</span> <span class='ocrx_word' id='word_1_110' title='bbox 320 1906 390 1963; x_wconf 79' lang='lat' dir='ltr'>atque</span> <span class='ocrx_word' id='word_1_111' title='bbox 400 1902 474 1949; x_wconf 76' lang='lat' dir='ltr'>etiarn</span> <span class='ocrx_word' id='word_1_112' title='bbox 483 1916 544 1963; x_wconf 81' lang='lat' dir='ltr'>soepe</span> <span class='ocrx_word' id='word_1_113' title='bbox 556 1901 656 1964; x_wconf 77' lang='lat' dir='ltr'>fletibus</span> <span class='ocrx_word' id='word_1_114' title='bbox 668 1903 801 1963; x_wconf 72' lang='lat' dir='ltr'>indulgeas,</span> <span class='ocrx_word' id='word_1_115' title='bbox 812 1907 835 1951; x_wconf 88' lang='lat' dir='ltr'>et</span> <span class='ocrx_word' id='word_1_116' title='bbox 847 1902 958 1952; x_wconf 77' lang='lat' dir='ltr'>minorem</span> <span class='ocrx_word' id='word_1_117' title='bbox 977 1910 1040 1951; x_wconf 89' lang='lat' dir='ltr'>natu</span> <span class='ocrx_word' id='word_1_118' title='bbox 1058 1906 1163 1965; x_wconf 74' lang='lat' dir='ltr'>nepotem</span> <span class='ocrx_word' id='word_1_119' title='bbox 1173 1902 1238 1950; x_wconf 85' lang='lat' dir='ltr'>deos·</span> 
     </span>
     <span class='ocr_line' id='line_1_16' title="bbox 137 1964 1237 2033; baseline 0.003 -20"><span class='ocrx_word' id='word_1_120' title='bbox 137 1964 236 2027; x_wconf 62' lang='lat' dir='ltr'>marm,</span> <span class='ocrx_word' id='word_1_121' title='bbox 246 1965 419 2015; x_wconf 75' lang='lat' dir='ltr'>romoalteriue</span> <span class='ocrx_word' id='word_1_122' title='bbox 428 1966 530 2029; x_wconf 75' lang='lat' dir='ltr'>nepotis</span> <span class='ocrx_word' id='word_1_123' title='bbox 542 1966 646 2015; x_wconf 80' lang='lat' dir='ltr'>intuita:</span> <span class='ocrx_word' id='word_1_124' title='bbox 663 1965 810 2015; x_wconf 86' lang='lat' dir='ltr'>interficies</span> <span class='ocrx_word' id='word_1_125' title='bbox 820 1968 887 2015; x_wconf 89' lang='lat' dir='ltr'>bunc</span> <span class='ocrx_word' id='word_1_126' title='bbox 906 1974 943 2029; x_wconf 89' lang='lat' dir='ltr'>tu,</span> <span class='ocrx_word' id='word_1_127' title='bbox 960 1967 1004 2033; x_wconf 84' lang='lat' dir='ltr'>nit,</span> <span class='ocrx_word' id='word_1_128' title='bbox 1020 1973 1084 2015; x_wconf 85' lang='lat' dir='ltr'>etto</span> <span class='ocrx_word' id='word_1_129' title='bbox 1096 1965 1170 2015; x_wconf 89' lang='lat' dir='ltr'>alius.</span> <span class='ocrx_word' id='word_1_130' title='bbox 1202 1964 1237 2016; x_wconf 79' lang='lat' dir='ltr'>At</span> 
     </span>
    </p>
   </div>
   <div class='ocr_carea' id='block_1_4' title="bbox 638 2129 744 2179">
    <p class='ocr_par' dir='ltr' id='par_1_4' title="bbox 638 2129 744 2179">
     <span class='ocr_line' id='line_1_17' title="bbox 638 2129 744 2179; baseline -0.019 0"><span class='ocrx_word' id='word_1_131' title='bbox 638 2129 744 2179; x_wconf 81' lang='lat' dir='ltr'>NOTAE</span> 
     </span>
    </p>
   </div>
   <div class='ocr_carea' id='block_1_5' title="bbox 139 2238 1241 2755">
    <p class='ocr_par' dir='ltr' id='par_1_5' title="bbox 139 2238 1241 2602">
     <span class='ocr_line' id='line_1_18' title="bbox 171 2238 1238 2304; baseline 0.001 -17"><span class='ocrx_word' id='word_1_132' title='bbox 171 2240 180 2270; x_wconf 77' lang='lat'>⁸</span> <span class='ocrx_word' id='word_1_133' title='bbox 196 2238 352 2300; x_wconf 75' lang='lat' dir='ltr'>Fataronre]</span> <span class='ocrx_word' id='word_1_134' title='bbox 368 2239 460 2287; x_wconf 79' lang='lat' dir='ltr'>Fntnri</span> <span class='ocrx_word' id='word_1_135' title='bbox 471 2238 592 2301; x_wconf 78' lang='lat' dir='ltr'>providos</span> <span class='ocrx_word' id='word_1_136' title='bbox 602 2238 669 2289; x_wconf 82' lang='lat' dir='ltr'>dixit</span> <span class='ocrx_word' id='word_1_137' title='bbox 708 2238 776 2287; x_wconf 86' lang='lat' dir='ltr'>cium</span> <span class='ocrx_word' id='word_1_138' title='bbox 788 2238 905 2289; x_wconf 86' lang='lat' dir='ltr'>datorum</span> <span class='ocrx_word' id='word_1_139' title='bbox 917 2238 1081 2304; x_wconf 77' lang='lat' dir='ltr'>cupidissime</span> <span class='ocrx_word' id='word_1_140' title='bbox 1091 2238 1238 2289; x_wconf 72' lang='lat' dir='ltr'>interesset:</span> 
     </span>
     <span class='ocr_line' id='line_1_19' title="bbox 139 2313 1238 2378; baseline 0.002 -16"><span class='ocrx_word' id='word_1_141' title='bbox 139 2313 268 2375; x_wconf 88' lang='lat' dir='ltr'>Macroni,</span> <span class='ocrx_word' id='word_1_142' title='bbox 286 2314 422 2363; x_wconf 83' lang='lat' dir='ltr'>Orientem</span> <span class='ocrx_word' id='word_1_143' title='bbox 443 2315 477 2362; x_wconf 88' lang='lat' dir='ltr'>ab</span> <span class='ocrx_word' id='word_1_144' title='bbox 497 2328 528 2363; x_wconf 91' lang='lat' dir='ltr'>eo</span> <span class='ocrx_word' id='word_1_145' title='bbox 545 2316 670 2377; x_wconf 83' lang='lat' dir='ltr'>spectari,</span> <span class='ocrx_word' id='word_1_146' title='bbox 708 2318 735 2361; x_wconf 92' lang='lat' dir='ltr'>et</span> <span class='ocrx_word' id='word_1_147' title='bbox 746 2326 840 2376; x_wconf 70' lang='lat' dir='ltr'>ganeas</span> <span class='ocrx_word' id='word_1_148' title='bbox 852 2320 931 2377; x_wconf 87' lang='lat' dir='ltr'>atque</span> <span class='ocrx_word' id='word_1_149' title='bbox 941 2314 1067 2364; x_wconf 83' lang='lat' dir='ltr'>adulteria</span> <span class='ocrx_word' id='word_1_150' title='bbox 1075 2314 1238 2378; x_wconf 87' lang='lat' dir='ltr'>capillamen-</span> 
     </span>
     <span class='ocr_line' id='line_1_20' title="bbox 140 2388 1239 2451; baseline 0.005 -16"><span class='ocrx_word' id='word_1_151' title='bbox 140 2402 232 2450; x_wconf 83' lang='lat' dir='ltr'>nempe</span> <span class='ocrx_word' id='word_1_152' title='bbox 245 2389 376 2451; x_wconf 71' lang='lat' dir='ltr'>praescius,</span> <span class='ocrx_word' id='word_1_153' title='bbox 386 2389 450 2438; x_wconf 89' lang='lat' dir='ltr'>licet</span> <span class='ocrx_word' id='word_1_154' title='bbox 466 2388 522 2451; x_wconf 93' lang='lat' dir='ltr'>ipse</span> <span class='ocrx_word' id='word_1_155' title='bbox 533 2390 596 2437; x_wconf 90' lang='lat' dir='ltr'>nibil</span> <span class='ocrx_word' id='word_1_156' title='bbox 614 2396 669 2437; x_wconf 88' lang='lat' dir='ltr'>turn</span> <span class='ocrx_word' id='word_1_157' title='bbox 709 2393 736 2435; x_wconf 92' lang='lat' dir='ltr'>to</span> <span class='ocrx_word' id='word_1_158' title='bbox 748 2388 848 2437; x_wconf 87' lang='lat' dir='ltr'>celatus</span> <span class='ocrx_word' id='word_1_159' title='bbox 859 2395 887 2437; x_wconf 88' lang='lat' dir='ltr'>et</span> <span class='ocrx_word' id='word_1_160' title='bbox 897 2394 970 2437; x_wconf 86' lang='lat' dir='ltr'>veste</span> <span class='ocrx_word' id='word_1_161' title='bbox 981 2390 1057 2451; x_wconf 78' lang='lat' dir='ltr'>longa</span> <span class='ocrx_word' id='word_1_162' title='bbox 1067 2389 1185 2437; x_wconf 91' lang='lat' dir='ltr'>noctibus</span> <span class='ocrx_word' id='word_1_163' title='bbox 1195 2389 1239 2439; x_wconf 77' lang='lat' dir='ltr'>ob-</span> 
     </span>
     <span class='ocr_line' id='line_1_21' title="bbox 141 2462 1241 2527; baseline 0.002 -16"><span class='ocrx_word' id='word_1_164' title='bbox 141 2463 293 2513; x_wconf 87' lang='lat' dir='ltr'>decerneret</span> <span class='ocrx_word' id='word_1_165' title='bbox 311 2463 345 2513; x_wconf 89' lang='lat' dir='ltr'>de</span> <span class='ocrx_word' id='word_1_166' title='bbox 365 2464 536 2526; x_wconf 74' lang='lat' dir='ltr'>succensione,</span> <span class='ocrx_word' id='word_1_167' title='bbox 554 2463 668 2512; x_wconf 81' lang='lat' dir='ltr'>futorum</span> <span class='ocrx_word' id='word_1_168' title='bbox 708 2462 774 2512; x_wconf 84' lang='lat' dir='ltr'>iret:</span> <span class='ocrx_word' id='word_1_169' title='bbox 794 2478 824 2511; x_wconf 87' lang='lat' dir='ltr'>ac</span> <span class='ocrx_word' id='word_1_170' title='bbox 832 2464 947 2513; x_wconf 81' lang='lat' dir='ltr'>scenicas</span> <span class='ocrx_word' id='word_1_171' title='bbox 956 2463 1067 2513; x_wconf 89' lang='lat' dir='ltr'>saltandi</span> <span class='ocrx_word' id='word_1_172' title='bbox 1079 2464 1241 2527; x_wconf 86' lang='lat' dir='ltr'>canendique</span> 
     </span>
     <span class='ocr_line' id='line_1_22' title="bbox 141 2536 1240 2602; baseline 0.001 -16"><span class='ocrx_word' id='word_1_173' title='bbox 141 2539 322 2602; x_wconf 79' lang='lat' dir='ltr'>imperatorem</span> <span class='ocrx_word' id='word_1_174' title='bbox 334 2539 485 2601; x_wconf 75' lang='lat' dir='ltr'>Caligulam.</span> <span class='ocrx_word' id='word_1_175' title='bbox 708 2542 779 2587; x_wconf 86' lang='lat' dir='ltr'>artes</span> <span class='ocrx_word' id='word_1_176' title='bbox 791 2537 975 2587; x_wconf 82' lang='lat' dir='ltr'>studiosissime</span> <span class='ocrx_word' id='word_1_177' title='bbox 991 2544 1146 2601; x_wconf 77' lang='lat' dir='ltr'>appeteret:</span> <span class='ocrx_word' id='word_1_178' title='bbox 1162 2536 1240 2587; x_wconf 80' lang='lat' dir='ltr'>iscire</span> 
     </span>
    </p>

    <p class='ocr_par' dir='ltr' id='par_1_6' title="bbox 140 2613 1240 2755">
     <span class='ocr_line' id='line_1_23' title="bbox 173 2613 1239 2681; baseline -0.002 -18"><span class='ocrx_word' id='word_1_179' title='bbox 173 2615 351 2663; x_wconf 76' lang='lat' dir='ltr'>&#39;Oeeideaton</span> <span class='ocrx_word' id='word_1_180' title='bbox 368 2614 398 2662; x_wconf 85' lang='lat' dir='ltr'>ab</span> <span class='ocrx_word' id='word_1_181' title='bbox 417 2630 444 2662; x_wconf 87' lang='lat' dir='ltr'>eo</span> <span class='ocrx_word' id='word_1_182' title='bbox 464 2614 551 2677; x_wconf 71' lang='lat' dir='ltr'>desert]</span> <span class='ocrx_word' id='word_1_183' title='bbox 578 2614 670 2663; x_wconf 78' lang='lat' dir='ltr'>Gloria</span> <span class='ocrx_word' id='word_1_184' title='bbox 708 2614 735 2662; x_wconf 90' lang='lat' dir='ltr'>id</span> <span class='ocrx_word' id='word_1_185' title='bbox 752 2628 815 2663; x_wconf 85' lang='lat' dir='ltr'>sane</span> <span class='ocrx_word' id='word_1_186' title='bbox 831 2613 933 2663; x_wconf 83' lang='lat' dir='ltr'>&#39;liberio</span> <span class='ocrx_word' id='word_1_187' title='bbox 950 2615 1077 2678; x_wconf 88' lang='lat' dir='ltr'>patiente,</span> <span class='ocrx_word' id='word_1_188' title='bbox 1087 2613 1108 2662; x_wconf 90' lang='lat' dir='ltr'>si</span> <span class='ocrx_word' id='word_1_189' title='bbox 1127 2626 1177 2681; x_wconf 80' lang='lat' dir='ltr'>per</span> <span class='ocrx_word' id='word_1_190' title='bbox 1194 2613 1239 2662; x_wconf 85' lang='lat' dir='ltr'>bas</span> 
     </span>
     <span class='ocr_line' id='line_1_24' title="bbox 140 2686 1240 2755; baseline 0.001 -16"><span class='ocrx_word' id='word_1_191' title='bbox 140 2690 211 2755; x_wconf 85' lang='lat' dir='ltr'>septi</span> <span class='ocrx_word' id='word_1_192' title='bbox 222 2690 286 2739; x_wconf 85' lang='lat' dir='ltr'>dieti</span> <span class='ocrx_word' id='word_1_193' title='bbox 297 2704 377 2753; x_wconf 86' lang='lat' dir='ltr'>penes</span> <span class='ocrx_word' id='word_1_194' title='bbox 386 2690 548 2753; x_wconf 86' lang='lat' dir='ltr'>Pompeium,</span> <span class='ocrx_word' id='word_1_195' title='bbox 558 2690 602 2753; x_wconf 83' lang='lat' dir='ltr'>qni</span> <span class='ocrx_word' id='word_1_196' title='bbox 613 2691 669 2752; x_wconf 81' lang='lat' dir='ltr'>Syl·</span> <span class='ocrx_word' id='word_1_197' title='bbox 708 2688 872 2741; x_wconf 83' lang='lat' dir='ltr'>mansuefieri</span> <span class='ocrx_word' id='word_1_198' title='bbox 892 2696 980 2754; x_wconf 89' lang='lat' dir='ltr'>posset</span> <span class='ocrx_word' id='word_1_199' title='bbox 999 2689 1083 2739; x_wconf 86' lang='lat' dir='ltr'>t&#39;ernm</span> <span class='ocrx_word' id='word_1_200' title='bbox 1102 2686 1240 2752; x_wconf 76' lang='lat' dir='ltr'>ingenium.</span> 
     </span>
    </p>
   </div>
   <div class='ocr_carea' id='block_1_6' title="bbox 140 2764 1317 2830">
    <p class='ocr_par' dir='ltr' id='par_1_7' title="bbox 140 2764 1317 2830">
     <span class='ocr_line' id='line_1_25' title="bbox 140 2764 1317 2830; baseline 0.001 -16"><span class='ocrx_word' id='word_1_201' title='bbox 140 2767 172 2815; x_wconf 76' lang='lat' dir='ltr'>le</span> <span class='ocrx_word' id='word_1_202' title='bbox 184 2765 322 2829; x_wconf 71' lang='lat' dir='ltr'>abneganti</span> <span class='ocrx_word' id='word_1_203' title='bbox 340 2767 495 2830; x_wconf 85' lang='lat' dir='ltr'>triumphum</span> <span class='ocrx_word' id='word_1_204' title='bbox 511 2766 670 2816; x_wconf 79' lang='lat' dir='ltr'>confidenter</span> <span class='ocrx_word' id='word_1_205' title='bbox 709 2766 786 2817; x_wconf 78' lang='lat' dir='ltr'>Quod</span> <span class='ocrx_word' id='word_1_206' title='bbox 798 2764 970 2828; x_wconf 73' lang='lat' dir='ltr'>sagacissimus</span> <span class='ocrx_word' id='word_1_207' title='bbox 986 2779 1065 2815; x_wconf 85' lang='lat' dir='ltr'>senex</span> <span class='ocrx_word' id='word_1_208' title='bbox 1082 2764 1121 2813; x_wconf 90' lang='lat' dir='ltr'>ita</span> <span class='ocrx_word' id='word_1_209' title='bbox 1137 2776 1239 2828; x_wconf 84' lang='lat' dir='ltr'>prorsus</span> <span class='ocrx_word' id='word_1_210' title='bbox 1315 2770 1317 2775; x_wconf 90' lang='lat'>&#39;</span> 
     </span>
    </p>
   </div>
   <div class='ocr_carea' id='block_1_7' title="bbox 140 2841 1243 4345">
    <p class='ocr_par' dir='ltr' id='par_1_8' title="bbox 140 2841 1243 4345">
     <span class='ocr_line' id='line_1_26' title="bbox 141 2841 1241 2906; baseline -0.003 -15"><span class='ocrx_word' id='word_1_211' title='bbox 141 2842 224 2891; x_wconf 78' lang='lat' dir='ltr'>dixit:</span> <span class='ocrx_word' id='word_1_212' title='bbox 241 2843 338 2895; x_wconf 81' lang='lat' dir='ltr'>‘Quod</span> <span class='ocrx_word' id='word_1_213' title='bbox 348 2844 433 2905; x_wconf 87' lang='lat' dir='ltr'>plnres</span> <span class='ocrx_word' id='word_1_214' title='bbox 440 2844 525 2891; x_wconf 72' lang='lat' dir='ltr'>Solem</span> <span class='ocrx_word' id='word_1_215' title='bbox 533 2843 669 2906; x_wconf 87' lang='lat' dir='ltr'>orientem,</span> <span class='ocrx_word' id='word_1_216' title='bbox 710 2847 887 2906; x_wconf 75' lang='lat' dir='ltr'>perspexerat,</span> <span class='ocrx_word' id='word_1_217' title='bbox 896 2848 924 2891; x_wconf 94' lang='lat' dir='ltr'>nt</span> <span class='ocrx_word' id='word_1_218' title='bbox 933 2841 1069 2906; x_wconf 88' lang='lat' dir='ltr'>aliquoties</span> <span class='ocrx_word' id='word_1_219' title='bbox 1077 2841 1241 2903; x_wconf 81' lang='lat' dir='ltr'>praedicaret,</span> 
     </span>
     <span class='ocr_line' id='line_1_27' title="bbox 140 2917 1238 2983; baseline -0.001 -16"><span class='ocrx_word' id='word_1_220' title='bbox 140 2932 216 2981; x_wconf 87' lang='lat' dir='ltr'>qnam</span> <span class='ocrx_word' id='word_1_221' title='bbox 233 2917 395 2967; x_wconf 80' lang='lat' dir='ltr'>occidentem</span> <span class='ocrx_word' id='word_1_222' title='bbox 411 2918 557 2966; x_wconf 86' lang='lat' dir='ltr'>adorarent.</span> <span class='ocrx_word' id='word_1_223' title='bbox 588 2918 670 2983; x_wconf 72' lang='lat' dir='ltr'>Signi·</span> <span class='ocrx_word' id='word_1_224' title='bbox 708 2920 790 2970; x_wconf 81' lang='lat' dir='ltr'>exitio</span> <span class='ocrx_word' id='word_1_225' title='bbox 801 2935 847 2970; x_wconf 93' lang='lat' dir='ltr'>suo</span> <span class='ocrx_word' id='word_1_226' title='bbox 858 2920 1022 2983; x_wconf 83' lang='lat' dir='ltr'>omniumque</span> <span class='ocrx_word' id='word_1_227' title='bbox 1034 2919 1125 2969; x_wconf 86' lang='lat' dir='ltr'>Cainm</span> <span class='ocrx_word' id='word_1_228' title='bbox 1135 2919 1238 2967; x_wconf 77' lang='lat' dir='ltr'>virere:</span> 
     </span>
     <span class='ocr_line' id='line_1_28' title="bbox 141 2990 1240 3059; baseline 0.001 -19"><span class='ocrx_word' id='word_1_229' title='bbox 141 2992 220 3043; x_wconf 78' lang='lat' dir='ltr'>tinans</span> <span class='ocrx_word' id='word_1_230' title='bbox 232 3008 303 3043; x_wconf 81' lang='lat' dir='ltr'>suana</span> <span class='ocrx_word' id='word_1_231' title='bbox 315 3007 430 3043; x_wconf 79' lang='lat' dir='ltr'>crescere</span> <span class='ocrx_word' id='word_1_232' title='bbox 441 2994 592 3057; x_wconf 88' lang='lat' dir='ltr'>potentiam,</span> <span class='ocrx_word' id='word_1_233' title='bbox 602 2993 669 3042; x_wconf 90' lang='lat' dir='ltr'>illius</span> <span class='ocrx_word' id='word_1_234' title='bbox 709 3000 737 3045; x_wconf 87' lang='lat' dir='ltr'>et</span> <span class='ocrx_word' id='word_1_235' title='bbox 748 3009 777 3044; x_wconf 89' lang='lat' dir='ltr'>se</span> <span class='ocrx_word' id='word_1_236' title='bbox 788 2996 934 3054; x_wconf 74' lang='lat' dir='ltr'>Nutricem,</span> <span class='ocrx_word' id='word_1_237' title='bbox 951 2994 1093 3059; x_wconf 87' lang='lat' dir='ltr'>(serpentis</span> <span class='ocrx_word' id='word_1_238' title='bbox 1107 2993 1134 3041; x_wconf 93' lang='lat' dir='ltr'>id</span> <span class='ocrx_word' id='word_1_239' title='bbox 1146 2990 1240 3057; x_wconf 78' lang='lat' dir='ltr'>genus)</span> 
     </span>
     <span class='ocr_line' id='line_1_29' title="bbox 141 3068 1240 3135; baseline 0 -17"><span class='ocrx_word' id='word_1_240' title='bbox 141 3084 282 3119; x_wconf 78' lang='lat' dir='ltr'>vanescere</span> <span class='ocrx_word' id='word_1_241' title='bbox 293 3077 322 3119; x_wconf 88' lang='lat' dir='ltr'>et</span> <span class='ocrx_word' id='word_1_242' title='bbox 334 3069 468 3119; x_wconf 67' lang='lat' dir='ltr'>marcere!</span> <span class='ocrx_word' id='word_1_243' title='bbox 709 3071 806 3135; x_wconf 90' lang='lat' dir='ltr'>populo</span> <span class='ocrx_word' id='word_1_244' title='bbox 818 3072 892 3121; x_wconf 84' lang='lat' dir='ltr'>Rom.</span> <span class='ocrx_word' id='word_1_245' title='bbox 910 3070 1084 3119; x_wconf 70' lang='lat' dir='ltr'>Pbadtontem</span> <span class='ocrx_word' id='word_1_246' title='bbox 1093 3068 1149 3118; x_wconf 91' lang='lat' dir='ltr'>orbi</span> <span class='ocrx_word' id='word_1_247' title='bbox 1160 3076 1240 3118; x_wconf 84' lang='lat' dir='ltr'>terra·</span> 
     </span>
     <span class='ocr_line' id='line_1_30' title="bbox 174 3144 906 3209; baseline 0.003 -14"><span class='ocrx_word' id='word_1_248' title='bbox 174 3147 243 3196; x_wconf 78' lang='lat' dir='ltr'>Fons</span> <span class='ocrx_word' id='word_1_249' title='bbox 262 3146 335 3207; x_wconf 90' lang='lat' dir='ltr'>dicti,</span> <span class='ocrx_word' id='word_1_250' title='bbox 353 3146 435 3195; x_wconf 88' lang='lat' dir='ltr'>abeo</span> <span class='ocrx_word' id='word_1_251' title='bbox 454 3144 523 3209; x_wconf 89' lang='lat' dir='ltr'>qnod</span> <span class='ocrx_word' id='word_1_252' title='bbox 541 3144 670 3208; x_wconf 88' lang='lat' dir='ltr'>plerisque</span> <span class='ocrx_word' id='word_1_253' title='bbox 710 3162 766 3196; x_wconf 89' lang='lat' dir='ltr'>rum</span> <span class='ocrx_word' id='word_1_254' title='bbox 778 3147 906 3198; x_wconf 68' lang='lat' dir='ltr'>educare!</span> 
     </span>
     <span class='ocr_line' id='line_1_31' title="bbox 142 3218 1240 3287; baseline -0.002 -17"><span class='ocrx_word' id='word_1_255' title='bbox 142 3224 243 3285; x_wconf 89' lang='lat' dir='ltr'>populis</span> <span class='ocrx_word' id='word_1_256' title='bbox 260 3222 385 3287; x_wconf 72' lang='lat' dir='ltr'>religione</span> <span class='ocrx_word' id='word_1_257' title='bbox 401 3230 536 3285; x_wconf 86' lang='lat' dir='ltr'>receptum</span> <span class='ocrx_word' id='word_1_258' title='bbox 551 3221 593 3282; x_wconf 87' lang='lat' dir='ltr'>sit,</span> <span class='ocrx_word' id='word_1_259' title='bbox 603 3222 670 3269; x_wconf 87' lang='lat' dir='ltr'>salu·</span> <span class='ocrx_word' id='word_1_260' title='bbox 741 3230 758 3255; x_wconf 81' lang='lat'>&#39;</span> <span class='ocrx_word' id='word_1_261' title='bbox 769 3224 840 3272; x_wconf 70' lang='lat' dir='ltr'>truci</span> <span class='ocrx_word' id='word_1_262' title='bbox 854 3224 951 3272; x_wconf 75' lang='lat' dir='ltr'>oderim</span> <span class='ocrx_word' id='word_1_263' title='bbox 960 3222 1038 3284; x_wconf 72' lang='lat' dir='ltr'>mida]</span> <span class='ocrx_word' id='word_1_264' title='bbox 1049 3218 1127 3269; x_wconf 86' lang='lat' dir='ltr'>Trncl</span> <span class='ocrx_word' id='word_1_265' title='bbox 1137 3232 1240 3283; x_wconf 80' lang='lat' dir='ltr'>semper</span> 
     </span>
     <span class='ocr_line' id='line_1_32' title="bbox 142 3295 1240 3355; baseline -0.001 -10"><span class='ocrx_word' id='word_1_266' title='bbox 142 3305 198 3346; x_wconf 88' lang='lat' dir='ltr'>tare</span> <span class='ocrx_word' id='word_1_267' title='bbox 208 3299 295 3347; x_wconf 77' lang='lat' dir='ltr'>Solem</span> <span class='ocrx_word' id='word_1_268' title='bbox 306 3299 448 3347; x_wconf 82' lang='lat' dir='ltr'>orientem:</span> <span class='ocrx_word' id='word_1_269' title='bbox 466 3296 669 3346; x_wconf 87' lang='lat' dir='ltr'>ntalibidicam.</span> <span class='ocrx_word' id='word_1_270' title='bbox 710 3306 738 3348; x_wconf 84' lang='lat' dir='ltr'>et</span> <span class='ocrx_word' id='word_1_271' title='bbox 758 3306 833 3349; x_wconf 82' lang='lat' dir='ltr'>torvo</span> <span class='ocrx_word' id='word_1_272' title='bbox 852 3300 924 3347; x_wconf 83' lang='lat' dir='ltr'>vultu</span> <span class='ocrx_word' id='word_1_273' title='bbox 941 3297 993 3348; x_wconf 86' lang='lat' dir='ltr'>fnit</span> <span class='ocrx_word' id='word_1_274' title='bbox 1011 3298 1097 3355; x_wconf 85' lang='lat' dir='ltr'>Caius,</span> <span class='ocrx_word' id='word_1_275' title='bbox 1118 3295 1164 3345; x_wconf 89' lang='lat' dir='ltr'>sed</span> <span class='ocrx_word' id='word_1_276' title='bbox 1185 3300 1240 3345; x_wconf 85' lang='lat' dir='ltr'>tom</span> 
     </span>
     <span class='ocr_line' id='line_1_33' title="bbox 141 3372 1240 3437; baseline 0.001 -18"><span class='ocrx_word' id='word_1_277' title='bbox 141 3372 246 3434; x_wconf 77' lang='lat' dir='ltr'>Lipsiae.</span> <span class='ocrx_word' id='word_1_278' title='bbox 709 3373 861 3437; x_wconf 74' lang='lat' dir='ltr'>magisfnit,</span> <span class='ocrx_word' id='word_1_279' title='bbox 882 3380 928 3423; x_wconf 88' lang='lat' dir='ltr'>aut</span> <span class='ocrx_word' id='word_1_280' title='bbox 948 3388 1003 3423; x_wconf 78' lang='lat' dir='ltr'>erse</span> <span class='ocrx_word' id='word_1_281' title='bbox 1021 3374 1091 3421; x_wconf 85' lang='lat' dir='ltr'>risus</span> <span class='ocrx_word' id='word_1_282' title='bbox 1110 3377 1160 3431; x_wconf 89' lang='lat' dir='ltr'>est,</span> <span class='ocrx_word' id='word_1_283' title='bbox 1182 3384 1240 3420; x_wconf 87' lang='lat' dir='ltr'>cnm</span> 
     </span>
     <span class='ocr_line' id='line_1_34' title="bbox 175 3446 1242 3510; baseline 0 -15"><span class='ocrx_word' id='word_1_284' title='bbox 175 3446 267 3495; x_wconf 84' lang='lat' dir='ltr'>Gloria</span> <span class='ocrx_word' id='word_1_285' title='bbox 277 3446 341 3496; x_wconf 89' lang='lat' dir='ltr'>dicti</span> <span class='ocrx_word' id='word_1_286' title='bbox 356 3460 408 3496; x_wconf 92' lang='lat' dir='ltr'>non</span> <span class='ocrx_word' id='word_1_287' title='bbox 419 3448 446 3495; x_wconf 86' lang='lat' dir='ltr'>in</span> <span class='ocrx_word' id='word_1_288' title='bbox 458 3460 490 3495; x_wconf 88' lang='lat' dir='ltr'>eo</span> <span class='ocrx_word' id='word_1_289' title='bbox 500 3452 541 3497; x_wconf 87' lang='lat' dir='ltr'>est</span> <span class='ocrx_word' id='word_1_290' title='bbox 550 3449 671 3510; x_wconf 73' lang='lat' dir='ltr'>precise,</span> <span class='ocrx_word' id='word_1_291' title='bbox 710 3464 785 3499; x_wconf 86' lang='lat' dir='ltr'>arum</span> <span class='ocrx_word' id='word_1_292' title='bbox 795 3448 848 3498; x_wconf 81' lang='lat' dir='ltr'>filio</span> <span class='ocrx_word' id='word_1_293' title='bbox 861 3449 1036 3498; x_wconf 82' lang='lat' dir='ltr'>blandientem</span> <span class='ocrx_word' id='word_1_294' title='bbox 1048 3452 1177 3508; x_wconf 88' lang='lat' dir='ltr'>cerneret,</span> <span class='ocrx_word' id='word_1_295' title='bbox 1188 3450 1242 3495; x_wconf 83' lang='lat' dir='ltr'>tan·</span> 
     </span>
     <span class='ocr_line' id='line_1_35' title="bbox 143 3521 1238 3589; baseline 0.001 -19"><span class='ocrx_word' id='word_1_296' title='bbox 143 3521 213 3586; x_wconf 83' lang='lat' dir='ltr'>qnod</span> <span class='ocrx_word' id='word_1_297' title='bbox 235 3521 262 3569; x_wconf 94' lang='lat' dir='ltr'>id</span> <span class='ocrx_word' id='word_1_298' title='bbox 284 3522 395 3571; x_wconf 88' lang='lat' dir='ltr'>senserit</span> <span class='ocrx_word' id='word_1_299' title='bbox 414 3529 460 3571; x_wconf 90' lang='lat' dir='ltr'>ant</span> <span class='ocrx_word' id='word_1_300' title='bbox 478 3523 575 3571; x_wconf 80' lang='lat' dir='ltr'>dixerit</span> <span class='ocrx_word' id='word_1_301' title='bbox 593 3524 671 3573; x_wconf 88' lang='lat' dir='ltr'>Pom·</span> <span class='ocrx_word' id='word_1_302' title='bbox 711 3540 787 3589; x_wconf 86' lang='lat' dir='ltr'>quam</span> <span class='ocrx_word' id='word_1_303' title='bbox 799 3524 937 3574; x_wconf 85' lang='lat' dir='ltr'>relicturus</span> <span class='ocrx_word' id='word_1_304' title='bbox 951 3524 987 3573; x_wconf 90' lang='lat' dir='ltr'>illi</span> <span class='ocrx_word' id='word_1_305' title='bbox 1000 3522 1133 3587; x_wconf 87' lang='lat' dir='ltr'>imperinm</span> <span class='ocrx_word' id='word_1_306' title='bbox 1150 3529 1238 3581; x_wconf 86' lang='lat' dir='ltr'>esset;</span> 
     </span>
     <span class='ocr_line' id='line_1_36' title="bbox 143 3596 1239 3664; baseline 0.004 -20"><span class='ocrx_word' id='word_1_307' title='bbox 143 3597 233 3661; x_wconf 83' lang='lat' dir='ltr'>peine;</span> <span class='ocrx_word' id='word_1_308' title='bbox 250 3597 295 3645; x_wconf 84' lang='lat' dir='ltr'>sed</span> <span class='ocrx_word' id='word_1_309' title='bbox 308 3596 376 3660; x_wconf 84' lang='lat' dir='ltr'>qnod</span> <span class='ocrx_word' id='word_1_310' title='bbox 392 3597 419 3645; x_wconf 88' lang='lat' dir='ltr'>id</span> <span class='ocrx_word' id='word_1_311' title='bbox 435 3610 510 3647; x_wconf 89' lang='lat' dir='ltr'>ansus</span> <span class='ocrx_word' id='word_1_312' title='bbox 530 3598 565 3647; x_wconf 84' lang='lat' dir='ltr'>sit</span> <span class='ocrx_word' id='word_1_313' title='bbox 582 3597 671 3648; x_wconf 82' lang='lat' dir='ltr'>dicere</span> <span class='ocrx_word' id='word_1_314' title='bbox 711 3614 789 3664; x_wconf 83' lang='lat' dir='ltr'>qnare</span> <span class='ocrx_word' id='word_1_315' title='bbox 802 3608 830 3651; x_wconf 90' lang='lat' dir='ltr'>et</span> <span class='ocrx_word' id='word_1_316' title='bbox 840 3600 960 3650; x_wconf 86' lang='lat' dir='ltr'>renidens</span> <span class='ocrx_word' id='word_1_317' title='bbox 968 3600 1113 3662; x_wconf 81' lang='lat' dir='ltr'>liberius,‘</span> <span class='ocrx_word' id='word_1_318' title='bbox 1126 3598 1239 3649; x_wconf 88' lang='lat' dir='ltr'>Occides</span> 
     </span>
     <span class='ocr_line' id='line_1_37' title="bbox 143 3672 1004 3739; baseline 0.001 -17"><span class='ocrx_word' id='word_1_319' title='bbox 143 3684 239 3731; x_wconf 67' lang='lat' dir='ltr'>coram,</span> <span class='ocrx_word' id='word_1_320' title='bbox 250 3672 296 3720; x_wconf 91' lang='lat' dir='ltr'>tali</span> <span class='ocrx_word' id='word_1_321' title='bbox 315 3672 447 3735; x_wconf 82' lang='lat' dir='ltr'>dictatori,</span> <span class='ocrx_word' id='word_1_322' title='bbox 457 3679 588 3737; x_wconf 79' lang='lat' dir='ltr'>tantaeque</span> <span class='ocrx_word' id='word_1_323' title='bbox 599 3674 671 3722; x_wconf 81' lang='lat' dir='ltr'>sarvi-</span> <span class='ocrx_word' id='word_1_324' title='bbox 711 3676 777 3724; x_wconf 84' lang='lat' dir='ltr'>boue</span> <span class='ocrx_word' id='word_1_325' title='bbox 789 3684 828 3736; x_wconf 88' lang='lat' dir='ltr'>tn,</span> <span class='ocrx_word' id='word_1_326' title='bbox 840 3675 942 3739; x_wconf 84' lang='lat' dir='ltr'>inquit,&#39;</span> <span class='ocrx_word' id='word_1_327' title='bbox 954 3680 1004 3724; x_wconf 77' lang='lat' dir='ltr'>dre.</span> 
     </span>
     <span class='ocr_line' id='line_1_38' title="bbox 143 3746 1241 3814; baseline -0.004 -14"><span class='ocrx_word' id='word_1_328' title='bbox 143 3751 188 3800; x_wconf 81' lang='lat' dir='ltr'>tite</span> <span class='ocrx_word' id='word_1_329' title='bbox 198 3751 330 3814; x_wconf 74' lang='lat' dir='ltr'>magistro.</span> <span class='ocrx_word' id='word_1_330' title='bbox 363 3752 441 3801; x_wconf 86' lang='lat' dir='ltr'>Nunc</span> <span class='ocrx_word' id='word_1_331' title='bbox 450 3760 477 3800; x_wconf 85' lang='lat' dir='ltr'>et</span> <span class='ocrx_word' id='word_1_332' title='bbox 487 3752 531 3801; x_wconf 84' lang='lat' dir='ltr'>Sol</span> <span class='ocrx_word' id='word_1_333' title='bbox 540 3752 625 3802; x_wconf 88' lang='lat' dir='ltr'>oriens</span> <span class='ocrx_word' id='word_1_334' title='bbox 634 3768 672 3801; x_wconf 89' lang='lat' dir='ltr'>sa·</span> <span class='ocrx_word' id='word_1_335' title='bbox 747 3750 830 3812; x_wconf 77' lang='lat' dir='ltr'>Vultu]</span> <span class='ocrx_word' id='word_1_336' title='bbox 854 3752 960 3799; x_wconf 87' lang='lat' dir='ltr'>Postea</span> <span class='ocrx_word' id='word_1_337' title='bbox 970 3749 1090 3811; x_wconf 87' lang='lat' dir='ltr'>princeps</span> <span class='ocrx_word' id='word_1_338' title='bbox 1101 3746 1241 3797; x_wconf 86' lang='lat' dir='ltr'>testeSne·</span> 
     </span>
     <span class='ocr_line' id='line_1_39' title="bbox 143 3824 1241 3889; baseline -0.005 -13"><span class='ocrx_word' id='word_1_339' title='bbox 143 3828 240 3876; x_wconf 79' lang='lat' dir='ltr'>tutatur</span> <span class='ocrx_word' id='word_1_340' title='bbox 250 3827 348 3875; x_wconf 88' lang='lat' dir='ltr'>musico</span> <span class='ocrx_word' id='word_1_341' title='bbox 359 3834 486 3876; x_wconf 87' lang='lat' dir='ltr'>concentu</span> <span class='ocrx_word' id='word_1_342' title='bbox 496 3828 522 3875; x_wconf 86' lang='lat' dir='ltr'>ln</span> <span class='ocrx_word' id='word_1_343' title='bbox 534 3826 673 3889; x_wconf 69' lang='lat' dir='ltr'>precipuis</span> <span class='ocrx_word' id='word_1_344' title='bbox 712 3830 766 3875; x_wconf 84' lang='lat' dir='ltr'>ton.</span> <span class='ocrx_word' id='word_1_345' title='bbox 787 3824 870 3887; x_wconf 76' lang='lat' dir='ltr'>Calig.</span> <span class='ocrx_word' id='word_1_346' title='bbox 891 3830 931 3874; x_wconf 74' lang='lat' dir='ltr'>bu.</span> <span class='ocrx_word' id='word_1_347' title='bbox 947 3828 955 3853; x_wconf 91' lang='lat'>‘</span> <span class='ocrx_word' id='word_1_348' title='bbox 969 3824 1049 3872; x_wconf 84' lang='lat' dir='ltr'>Vuttn</span> <span class='ocrx_word' id='word_1_349' title='bbox 1068 3836 1131 3871; x_wconf 83' lang='lat' dir='ltr'>vero</span> <span class='ocrx_word' id='word_1_350' title='bbox 1148 3827 1241 3871; x_wconf 86' lang='lat' dir='ltr'>natura</span> 
     </span>
     <span class='ocr_line' id='line_1_40' title="bbox 141 3895 1241 3953; baseline -0.008 0"><span class='ocrx_word' id='word_1_351' title='bbox 141 3900 250 3953; x_wconf 80' lang='lat' dir='ltr'>arbib&#39;ns</span> <span class='ocrx_word' id='word_1_352' title='bbox 261 3902 410 3952; x_wconf 75' lang='lat' dir='ltr'>Persarum.</span> <span class='ocrx_word' id='word_1_353' title='bbox 711 3898 843 3948; x_wconf 89' lang='lat' dir='ltr'>borridum</span> <span class='ocrx_word' id='word_1_354' title='bbox 856 3913 886 3947; x_wconf 88' lang='lat' dir='ltr'>ac</span> <span class='ocrx_word' id='word_1_355' title='bbox 898 3906 993 3948; x_wconf 86' lang='lat' dir='ltr'>tetrum</span> <span class='ocrx_word' id='word_1_356' title='bbox 1009 3898 1087 3945; x_wconf 85' lang='lat' dir='ltr'>etiam</span> <span class='ocrx_word' id='word_1_357' title='bbox 1106 3910 1138 3945; x_wconf 80' lang='lat' dir='ltr'>ex</span> <span class='ocrx_word' id='word_1_358' title='bbox 1156 3895 1241 3945; x_wconf 83' lang='lat' dir='ltr'>indua·</span> 
     </span>
     <span class='ocr_line' id='line_1_41' title="bbox 144 3971 1242 4041; baseline -0.006 -13"><span class='ocrx_word' id='word_1_359' title='bbox 144 3998 150 4009; x_wconf 93' lang='lat'>·</span> <span class='ocrx_word' id='word_1_360' title='bbox 174 3985 187 4011; x_wconf 76' lang='lat'>&#39;</span> <span class='ocrx_word' id='word_1_361' title='bbox 198 3978 331 4041; x_wconf 66' lang='lat' dir='ltr'>Meu]</span> <span class='ocrx_word' id='word_1_362' title='bbox 346 3979 452 4027; x_wconf 78' lang='lat' dir='ltr'>Sueten.</span> <span class='ocrx_word' id='word_1_363' title='bbox 463 3978 593 4041; x_wconf 55' lang='lat' dir='ltr'>caligat.</span> <span class='ocrx_word' id='word_1_364' title='bbox 604 3978 675 4028; x_wconf 84' lang='lat' dir='ltr'>‘Na·</span> <span class='ocrx_word' id='word_1_365' title='bbox 713 3976 764 4025; x_wconf 87' lang='lat' dir='ltr'>tria</span> <span class='ocrx_word' id='word_1_366' title='bbox 773 3972 910 4035; x_wconf 78' lang='lat' dir='ltr'>efferabat,</span> <span class='ocrx_word' id='word_1_367' title='bbox 928 3986 1082 4035; x_wconf 89' lang='lat' dir='ltr'>componens</span> <span class='ocrx_word' id='word_1_368' title='bbox 1101 3971 1133 4020; x_wconf 89' lang='lat' dir='ltr'>ad</span> <span class='ocrx_word' id='word_1_369' title='bbox 1150 3986 1242 4035; x_wconf 80' lang='lat' dir='ltr'>specu·</span> 
     </span>
     <span class='ocr_line' id='line_1_42' title="bbox 144 4045 1243 4117; baseline -0.005 -14"><span class='ocrx_word' id='word_1_370' title='bbox 144 4060 226 4103; x_wconf 82' lang='lat' dir='ltr'>turam</span> <span class='ocrx_word' id='word_1_371' title='bbox 239 4061 325 4104; x_wconf 88' lang='lat' dir='ltr'>tamen</span> <span class='ocrx_word' id='word_1_372' title='bbox 333 4068 426 4102; x_wconf 73' lang='lat' dir='ltr'>sevam</span> <span class='ocrx_word' id='word_1_373' title='bbox 435 4061 514 4117; x_wconf 88' lang='lat' dir='ltr'>atque</span> <span class='ocrx_word' id='word_1_374' title='bbox 526 4052 674 4116; x_wconf 85' lang='lat' dir='ltr'>probrosam</span> <span class='ocrx_word' id='word_1_375' title='bbox 714 4051 775 4109; x_wconf 90' lang='lat' dir='ltr'>lom,</span> <span class='ocrx_word' id='word_1_376' title='bbox 796 4050 821 4097; x_wconf 88' lang='lat' dir='ltr'>in</span> <span class='ocrx_word' id='word_1_377' title='bbox 834 4062 933 4098; x_wconf 86' lang='lat' dir='ltr'>omnem</span> <span class='ocrx_word' id='word_1_378' title='bbox 951 4054 1077 4098; x_wconf 87' lang='lat' dir='ltr'>terrorem</span> <span class='ocrx_word' id='word_1_379' title='bbox 1088 4060 1119 4095; x_wconf 89' lang='lat' dir='ltr'>ac</span> <span class='ocrx_word' id='word_1_380' title='bbox 1129 4045 1243 4097; x_wconf 80' lang='lat' dir='ltr'>formidi-</span> 
     </span>
     <span class='ocr_line' id='line_1_43' title="bbox 144 4125 790 4194; baseline -0.005 -17"><span class='ocrx_word' id='word_1_381' title='bbox 144 4138 179 4177; x_wconf 82' lang='lat' dir='ltr'>ne</span> <span class='ocrx_word' id='word_1_382' title='bbox 194 4136 257 4179; x_wconf 86' lang='lat' dir='ltr'>tuuc</span> <span class='ocrx_word' id='word_1_383' title='bbox 275 4130 379 4194; x_wconf 84' lang='lat' dir='ltr'>quidem</span> <span class='ocrx_word' id='word_1_384' title='bbox 396 4128 479 4193; x_wconf 87' lang='lat' dir='ltr'>(apud</span> <span class='ocrx_word' id='word_1_385' title='bbox 499 4128 613 4191; x_wconf 85' lang='lat' dir='ltr'>Capreas</span> <span class='ocrx_word' id='word_1_386' title='bbox 632 4130 674 4178; x_wconf 87' lang='lat' dir='ltr'>ari</span> <span class='ocrx_word' id='word_1_387' title='bbox 713 4125 790 4177; x_wconf 66' lang='lat' dir='ltr'>nem!</span> 
     </span>
     <span class='ocr_line' id='line_1_44' title="bbox 145 4191 1241 4267; baseline -0.005 -14"><span class='ocrx_word' id='word_1_388' title='bbox 145 4202 366 4267; x_wconf 82' lang='lat' dir='ltr'>eomes)inbibere</span> <span class='ocrx_word' id='word_1_389' title='bbox 377 4209 499 4267; x_wconf 87' lang='lat' dir='ltr'>poterat:</span> <span class='ocrx_word' id='word_1_390' title='bbox 517 4204 579 4267; x_wconf 86' lang='lat' dir='ltr'>quin</span> <span class='ocrx_word' id='word_1_391' title='bbox 587 4210 615 4252; x_wconf 87' lang='lat' dir='ltr'>et</span> <span class='ocrx_word' id='word_1_392' title='bbox 622 4204 675 4252; x_wconf 87' lang='lat' dir='ltr'>aui·</span> <span class='ocrx_word' id='word_1_393' title='bbox 746 4206 760 4234; x_wconf 78' lang='lat'>¹</span> <span class='ocrx_word' id='word_1_394' title='bbox 776 4198 957 4261; x_wconf 70' lang='lat' dir='ltr'>Occidentem]</span> <span class='ocrx_word' id='word_1_395' title='bbox 982 4198 1031 4249; x_wconf 80' lang='lat' dir='ltr'>Coi</span> <span class='ocrx_word' id='word_1_396' title='bbox 1051 4197 1174 4248; x_wconf 80' lang='lat' dir='ltr'>vaticinio</span> <span class='ocrx_word' id='word_1_397' title='bbox 1191 4191 1241 4248; x_wconf 68' lang='lat' dir='ltr'>ion</span> 
     </span>
     <span class='ocr_line' id='line_1_45' title="bbox 144 4271 1242 4345; baseline -0.006 -15"><span class='ocrx_word' id='word_1_398' title='bbox 144 4278 364 4331; x_wconf 81' lang='lat' dir='ltr'>madrerslooibna</span> <span class='ocrx_word' id='word_1_399' title='bbox 380 4279 514 4345; x_wconf 78' lang='lat' dir='ltr'>puerisque</span> <span class='ocrx_word' id='word_1_400' title='bbox 526 4277 561 4327; x_wconf 88' lang='lat' dir='ltr'>ad</span> <span class='ocrx_word' id='word_1_401' title='bbox 578 4278 675 4344; x_wconf 87' lang='lat' dir='ltr'>suppli·</span> <span class='ocrx_word' id='word_1_402' title='bbox 706 4271 890 4329; x_wconf 73' lang='lat' dir='ltr'>&#39;dot&#39;nitCains⁸</span> <span class='ocrx_word' id='word_1_403' title='bbox 905 4273 1242 4339; x_wconf 70' lang='lat' dir='ltr'>sneton.cattg.1a.·rra·</span> 
     </span>
    </p>
   </div>
   <div class='ocr_carea' id='block_1_8' title="bbox 0 0 1598 4917">
    <p class='ocr_par' dir='ltr' id='par_1_9' title="bbox 0 0 1598 4917">
     <span class='ocr_line' id='line_1_46' title="bbox 0 0 1598 4917; baseline 0 0"><span class='ocrx_word' id='word_1_404' title='bbox 0 0 1598 4917; x_wconf 95' lang='lat' dir='ltr'> </span> 
     </span>
    </p>
   </div>
  </div>
 </body>
</html>
