3159 4917
274 393 340 471 546
627 408 664 473 ,0.
688 403 871 465 contium!
895 406 1023 453 'recl'rl
1213 410 1259 475 [As
1272 413 1381 467 [istm.

186 540 189 549 ἕ
274 550 464 637 ignominias
486 547 680 615 habendam'
704 550 857 621 ducebat.
903 548 1007 631 Igitur
1026 550 1153 615 missus
1175 552 1211 617 in
1231 551 1376 623 Asism.³

275 654 320 727 Et
334 659 345 688 ‘
359 656 399 717 de
412 651 537 719 Africu'
552 652 731 730 decretum,
753 656 811 717 ‘ut
820 650 939 715 Caesar
952 652 1082 734 legeret,
1097 655 1154 718 oui
1166 654 1380 740 ‚mandandas

274 755 365 820 fore!
1362 782 1370 793 .

275 969 329 1019 sine
346 966 444 1029 flagitio
461 968 605 1025 tolmtem,
620 965 708 1015 decori
726 964 812 1029 potins
823 980 898 1029 qnam
911 966 1007 1030 probro
1018 966 1178 1015 tribuendum
1196 981 1260 1017 esse.
1294 968 1378 1031 lisque

272 1032 524 1146 inutffifflegtnsgioe.
557 1033 592 1081 Et
600 1035 715 1081 sensum
726 1029 759 1079 de
772 1028 872 1093 Africa,
883 1037 912 1079 ut
926 1031 1041 1084 Tiberius
1052 1032 1107 1094 ipse
1119 1032 1255 1097 deligeret,
1265 1032 1306 1081 eui
1318 1046 1377 1096 per·

307 1308 322 1352 ³
340 1303 380 1354 Cl.
392 1302 550 1365 hullemann,
561 1303 645 1353 missus
655 1310 689 1353 est
699 1304 725 1353 iu
738 1306 837 1364 Asiam
851 1305 907 1353 sine
917 1303 1074 1354 suctoritstc
1084 1318 1115 1355 sc
1126 1304 1289 1355 necessitste.
1313 1306 1377 1355 Bm·

275 1370 379 1440 tien—4
397 1368 439 1417 Sic
449 1368 610 1419 Gronovius:
628 1375 655 1418 et
668 1368 785 1431 Ryclrius
797 1377 825 1419 et
838 1370 966 1432 llomerns
977 1371 1097 1420 moerim

285 1640 289 1665 i

275 1680 344 1725 esset
362 1672 474 1737 sortitio,
490 1688 541 1735 non
560 1680 665 1737 poteret
684 1674 806 1737 dignosci,
846 1678 884 1735 cit
904 1693 982 1743 quum
996 1677 1137 1729 communis
1157 1675 1298 1739 provincius
1313 1690 1380 1727 eou-

276 1749 338 1814 qnid
358 1749 454 1812 cuique
470 1756 539 1798 esset
558 1748 738 1799 obventurum.
771 1751 807 1798 Et
842 1754 1005 1815 iunctinuem
1017 1760 1045 1802 et
1055 1753 1280 1806 necessitudinem.
1301 1752 1334 1801 L.
1346 1764 1380 1802 11.

276 1825 386 1891 proinde
405 1824 475 1875 Asiae
496 1832 566 1875 sorte
586 1826 655 1885 nullo
672 1825 748 1875 modo
764 1825 808 1875 de·
846 1829 931 1891 Epist.
942 1832 980 1878 19.
998 1828 1135 1879 ‘Areum
1153 1827 1380 1890 necessitudinem,

275 1902 338 1965 pelli
350 1903 435 1965 putuit
447 1903 568 1968 Lepidus,
579 1902 628 1953 uisi
646 1903 751 1967 illnjsm
762 1902 807 1953 nb·
847 1918 923 1966 quum
934 1903 1008 1953 nobis
1022 1918 1077 1954 sors
1090 1903 1232 1964 tribuisset,
1242 1908 1383 1951 eonsuetn⁴

274 1977 384 2041 tigisset.
401 1978 547 2029 Freimbem.
847 1978 935 2041 dinem
957 1993 1062 2043 quoqne
1082 1978 1207 2028 secedere
1218 1976 1234 2027 :'
1259 1978 1308 2027 boc
1329 1982 1381 2038 est,

306 2052 364 2115 Ego
374 2065 498 2102 veronen
509 2052 629 2102 sortitum
640 2066 688 2103 nec
700 2053 808 2103 sortieu·
847 2054 982 2116 provincis
1007 2054 1155 2117 conjuncte.
1198 2052 1331 2115 Depellere,
1352 2051 1381 2100 id

274 2129 335 2183 dum
357 2129 476 2177 trebnisse
497 2142 600 2179 censen.
632 2128 725 2178 Sortiri
744 2130 812 2179 sole·
848 2134 898 2190 est,
907 2128 1021 2191 dejicere
1038 2130 1146 2189 honore,
1162 2134 1242 2189 sorte,
1257 2142 1304 2177 seu
1320 2141 1380 2191 peo-

274 2203 341 2265 bont
357 2202 446 2253 Anium
467 2210 495 2253 et
514 2202 641 2264 Africam,
672 2205 724 2254 Sed
747 2205 809 2269 quin
847 2204 942 2267 vincis,
957 2218 1009 2253 nun
1021 2219 1083 2253 seue
1095 2218 1173 2268 quem
1185 2204 1242 2265 jem
1261 2203 1382 2264 baberet,

254 2313 257 2321 .
275 2284 352 2337 extre
362 2278 479 2327 ordinem
495 2279 666 2343 deligebatur,
678 2282 719 2331 cul
736 2296 808 2351 men·
846 2285 893 2330 snt
911 2280 937 2329 in
956 2280 1030 2342 cuins
1054 2278 1213 2342 possessione
1233 2286 1312 2339 esset,
1330 2278 1381 2327 sed

274 2352 382 2406 deretur
396 2351 506 2415 Africa,
524 2355 641 2406 restsbst
661 2356 725 2407 Asis
746 2358 809 2408 sols.
848 2368 924 2419 qnam
940 2356 1058 2418 petebat,
1069 2369 1146 2418 quern
1158 2368 1203 2417 spe
1214 2359 1244 2402 et
1256 2360 1318 2403 vnto
1329 2352 1381 2403 sibl

275 2428 345 2480 euru
356 2428 436 2492 igitur
446 2431 612 2493 sorteupnsi
841 2432 903 2497 jure
914 2430 1073 2494 despondere
1086 2430 1179 2493 potuit.
1196 2430 1338 2479 Gronovius.

251 2528 260 2547 ι
283 2558 286 2565 ,
307 2502 389 2554 Porro
401 2504 434 2553 de
445 2503 483 2553 his
494 2505 668 2561 sortiebantur
680 2506 732 2557 dno
743 2522 806 2563 con·
857 2527 860 2531 ·
878 2508 947 2557 Asioe
962 2512 1026 2555 sorte
1044 2506 1214 2568 dedeesdsn]
1237 2506 1302 2553 Cum
1319 2503 1378 2555 dnse

272 2577 393 2633 suterium
411 2579 523 2628 omnium
545 2581 717 2631 vetustissimi.
751 2582 806 2631 llo·
847 2587 947 2635 uncum
960 2581 1099 2645 provincie
1111 2577 1318 2629 AeieetAfrics
1327 2596 1383 2631 eor·

273 2668 330 2703 rum
351 2654 463 2718 priorem
483 2654 563 2706 fuisse
586 2656 657 2705 Men.
676 2656 806 2711 AEmiliuns
846 2657 942 2711 tiendsc
960 2664 1047 2707 esseut
1063 2657 1131 2705 iuter
1153 2655 1217 2705 duos
1233 2656 1383 2707 consuleres

274 2728 401 2791 Lepidum
410 2730 566 2795 accipimus:
584 2731 621 2781 its
632 2731 665 2781 sd
677 2732 806 2795 tuncjam
845 2733 891 2796 qui
902 2733 1056 2781 vetustiores
1066 2736 1152 2791 erent,
1164 2735 1193 2777 et
1203 2728 1296 2787 Attice
1306 2730 1380 2791 dure·

272 2806 337 2859 Asis
348 2808 403 2857 sine
413 2808 546 2881 sortitione
558 2810 717 2872 pertinebat.
735 2810 806 2861 Hec-
846 2815 890 2855 tur
908 2806 963 2855 sine
980 2813 1050 2855 sorte
1069 2806 1102 2854 nb
1123 2806 1219 2855 bellum
1235 2805 1382 2872 imminens,

273 2890 349 2933 tenus
372 2885 450 2933 etiem
470 2884 612 2935 obtinuisse
634 2889 723 2948 potest
743 2884 806 2948 dici,
846 2881 964 2930 restabat
974 2881 1027 2929 sols
1037 2880 1110 2942 Asis,
1121 2881 1154 2930 de
1166 2896 1218 2946 qun
1229 2882 1266 2931 sie
1278 2897 1334 2931 sors
1342 2884 1380 2933 in·

272 2971 365 3021 nempe
382 2972 428 3023 spe
445 2973 477 3009 ec
489 2958 666 3009 destinatione
681 2966 710 3009 et
720 2972 766 3011 sus
777 2965 806 3008 et
845 2957 975 3018 terrenire
986 2958 1057 3007 nulls
1066 2957 1378 3019 debuit,sedststinssine

271 3036 394 3099 omniurn,
404 3037 448 3101 qui
460 3051 511 3087 nou
523 3037 649 3091 essentiei
667 3036 786 3089 meleroli
797 3053 806 3096 ;
845 3046 910 3081 urus
920 3031 977 3083 deri
988 3032 1080 3091 debuit
1090 3031 1229 3083 vetustiori
1237 3034 1380 3095 consuleris

272 3118 301 3161 et
311 3125 343 3161 es
360 3111 383 3162 si
399 3110 510 3175 osr'eret,
524 3112 646 3161 senlente
657 3125 733 3172 suno,
744 3110 805 3164 inde
846 3118 874 3157 et
884 3108 925 3169 bic
936 3108 1002 3159 dicit
1011 3108 1137 3173 Lepidum
1149 3110 1157 3137 ‘
1168 3107 1316 3159 Asiaesorte
1331 3110 1384 3159 dee

272 3186 470 3250 depellebstur3
488 3201 534 3251 spe
547 3192 621 3235 certe
632 3198 733 3249 nempe.
846 3184 1013 3246 pellendum}
1032 3186 1095 3249 quie
1108 3192 1181 3235 certe
1199 3199 1251 3235 sors
1264 3186 1331 3235 Aua
1347 3192 1379 3237 et

305 3260 374 3312 Quid
394 3276 457 3325 ergo
479 3264 536 3312 esti
564 3260 701 3327 impedivit
716 3261 806 3311 ¹uirum
845 3260 906 3311 Asin
917 3276 993 3311 uuum
1010 3270 1038 3311 et
1052 3262 1191 3321 idemest3
1207 3260 1378 3313 ‘Asioesorte

271 3336 448 3385 doctissimum
459 3335 611 3387 vocabulum
617 3350 675 3397 sors,
682 3336 750 3400 qnod
760 3351 807 3401 pu·
845 3334 1043 3400 depellendum,'
1055 3336 1082 3385 id
1094 3344 1143 3399 est,
1154 3336 1288 3400 provincis
1298 3334 1378 3398 Asis,

271 3414 337 3467 tavit
357 3415 443 3464 locum
459 3428 510 3462 uon
527 3414 633 3477 bebere,
650 3414 700 3463 nisi
715 3414 807 3478 utique
844 3410 997 3463 nihitsliud.
1063 3447 1068 3455 .

271 3502 336 3537 urus
346 3488 543 3539 intercessisset.
560 3488 804 3546 Ateussnilrilsliud
876 3486 1056 3551 Depellesdum]
1069 3487 1139 3539 Olim
1145 3487 1224 3539 etism
1232 3489 1267 3539 ob
1275 3487 1378 3553 flagitis

270 3564 421 3626 bie'l'ncito,
434 3579 509 3629 quem
520 3564 661 3628 provincie,
672 3564 804 3613 sivesorte
845 3565 967 3629 prohibiti
985 3566 1023 3615 ire
1040 3566 1067 3615 iu
1083 3566 1237 3629 provincius,
1255 3565 1318 3615 licet
1334 3566 1375 3617 bo

271 3640 326 3691 siue
337 3640 392 3689 sine
405 3648 475 3691 sorte
492 3640 647 3689 nuberetur:
665 3638 731 3702 ideo,
742 3640 803 3704 quin
843 3648 914 3690 sorte
935 3640 1099 3704 obtigissent,
1130 3643 1217 3691 valer.
1241 3643 1259 3691 Ι.
1280 3656 1318 3691 vr.
1341 3642 1376 3693 de

271 3716 321 3767 rite
332 3732 362 3767 ec
373 3717 516 3773 solenniter
526 3730 577 3769 uon
592 3717 640 3766 uisi
651 3730 697 3779 per
708 3723 802 3767 sortem
843 3716 946 3765 munet.
956 3716 1077 3778 Scipione
1086 3715 1198 3781 Hispelli
1206 3718 1275 3767 filio:
1291 3722 1299 3749 ‘
1310 3718 1375 3769 Cum

270 3794 429 3845 hebebatur:
448 3800 556 3856 rrtsepe
569 3792 638 3857 npud
648 3793 758 3843 Livium.
842 3791 867 3839 ei
879 3790 1008 3853 lllspenin
1023 3792 1155 3854 provincis
1171 3799 1242 3845 sorte
1257 3793 1377 3843 obvenie-

278 3910 281 3917 .
301 3868 347 3919 Sic
366 3868 571 3923 l.xsu.‘1llud
589 3883 692 3934 qnoque
711 3872 802 3933 presci-
842 3874 890 3929 set,
910 3875 1025 3929 senatus,
1043 3883 1076 3917 ue
1092 3869 1153 3926 illuc
1171 3870 1232 3931 iret,
1250 3869 1376 3933 decrevit,

271 3956 350 4009 puum
372 3942 462 3993 detum
490 3940 553 3993 iusti
572 3944 754 4007 Macedoniae,
773 3951 803 3996 ut
842 3943 948 4005 adjecto
957 3945 1125 4009 esusn,quod
1141 3953 1215 3995 reete
1229 3943 1318 3993 fecere
1329 3958 1376 3993 ne·

270 4016 435 4067 centuriones
454 4018 600 4083 militesque
620 4022 803 4075 veterenseri·
842 4018 930 4069 sciret.
972 4018 1064 4084 Itaque
1090 4022 1213 4072 Qusestor
1239 4018 1375 4069 cornelm

269 4092 354 4155 beret,
366 4108 430 4158 quos
442 4095 537 4158 vellet,
552 4100 602 4145 erc.
634 4096 748 4147 siccum
761 4096 802 4145 Ci-
842 4100 950 4157 propter
966 4094 1045 4145 uitem
1062 4096 1195 4145 inhoneste
1207 4101 1300 4157 sciens,
1315 4095 1373 4145 sine

270 4168 567 4235 ccro‘conjunctinnem
586 4172 679 4233 sortis,‘
695 4172 803 4223 ‘neces-
842 4167 893 4218 ullo
920 4170 1071 4232 provinciali
1096 4170 1247 4232 ministerio,
1274 4176 1374 4221 tutum

270 4244 407 4307 titudinem
419 4247 511 4312 sortis,'
523 4246 598 4313 dicit,
609 4247 671 4299 ndsil
682 4246 753 4297 eliud
762 4247 803 4299 di·
840 4259 892 4297 non
900 4246 1102 4320 repetundorum
1108 4247 1166 4313 lege
1174 4246 1374 4313 demnstuseet'
