3159 4917
286 405 352 472 532
637 418 671 465 ο.
694 414 875 466 commi
899 411 1026 463 Tucl'ri
1226 407 1390 484 [mum

288 564 357 629 tiam
370 565 491 627 teneret
501 568 524 625 :⁵
547 559 607 625 sed
620 559 719 623 artius
733 559 967 641 penetrabout3
989 559 1180 642 urbemque,
1192 564 1228 623 et
1242 558 1389 635 Italiam,

288 669 322 729 et
342 662 432 747 quod
452 682 592 745 usquam
611 659 746 736 civium,
761 660 998 742 corripuerant:
1019 660 1260 743 multorumque
1281 660 1391 724 excisi

290 768 428 829 statum*
449 767 482 827 et
504 767 608 827 terror
631 762 786 824 omuibus
808 762 1049 842 intentabatur3
1070 762 1106 823 ni
1119 760 1271 825 Tiberius
1284 763 1391 825 statu-

289 920 643 984 effossumque‚es1suram,es
654 922 763 981 nostwet
775 916 877 965 uiis'bi'
854 931 916 964 esses
931 915 1049 964 Rossossos
1058 914 1210 971 invaseram
1226 914 1393 977 plurimorum-

290 986 445 1050 qssnsboerri
455 989 542 1048 sistus,
553 989 577 1033 st
592 982 786 1047 pennensibus
803 980 980 1039 suasam,-
1000 980 1049 1029 uisi
1066 980 1174 1029 iibsriss
1192 980 1330 1041 sss'tr'gussdae
1341 979 1393 1041 isgs'

751 1113 897 1135 θθθθθθθθθ
899 1114 929 1134 n

291 1202 306 1246 ὅ
324 1194 442 1246 Pessime
454 1192 617 1259 Vertrnuius,
627 1196 755 1243 tenuetur.
787 1190 903 1239 Brotier.

793 1328 899 1380 NOTAE

293 1438 402 1489 reducto
412 1442 440 1487 et
452 1452 545 1487 noruru
556 1438 658 1502 imperii
669 1452 771 1495 nomon,
780 1450 825 1485 no-
862 1448 925 1497 pop.
943 1398 1068 1494 Roussiro,
1086 1430 1222 1483 sedetiam
1241 1430 1275 1481 sb
1294 1430 1393 1481 ultimis

216 1554 218 1558 .
292 1528 377 1579 usquo
398 1519 511 1577 potestas
530 1513 654 1578 principis
675 1512 825 1562 introducto
863 1509 1009 1559 ustionibus
1025 1510 1109 1558 seueri
1127 1509 1249 1559 custodes
1261 1507 1396 1571 requirun-

291 1588 377 1639 iocum
389 1589 446 1653 juri
465 1595 493 1639 et
508 1588 615 1654 judiciis
628 1588 716 1649 deoru
740 1588 825 1637 sorios
863 1584 924 1634 tur!
955 1586 1073 1650 'l'ncitus‚
1083 1585 1105 1636 si
1115 1583 1241 1634 bosninern
1252 1581 1322 1642 noui,
1338 1594 1397 1630 sen·

292 1663 467 1728 stringebant,
484 1670 512 1715 et
529 1663 686 1715 cobroebnut
696 1664 775 1727 leges,
785 1677 824 1712 se·
864 1660 946 1710 tiebst
956 1675 1009 1710 non
1020 1676 1084 1725 opus
1101 1675 1157 1710 esse
1173 1658 1301 1723 pmmiis3
1326 1656 1397 1705 deis·
1417 1662 1424 1669 ·

292 1739 431 1804 veriusque
449 1745 477 1789 et
495 1740 590 1789 saevius
607 1739 736 1789 interdurn
747 1739 826 1788 suim-
865 1744 934 1785 tores
953 1738 997 1801 qui
1015 1750 1067 1787 nou
1085 1737 1207 1801 castiget,
1218 1743 1246 1785 et
1262 1749 1320 1783 esse
1332 1733 1397 1800 psti-

294 1811 430 1863 sdversunr
441 1820 469 1863 st
479 1814 597 1863 exercitu
610 1813 726 1866 vindicta
742 1818 782 1862 est
798 1814 825 1863 iu
865 1815 917 1874 tur,
927 1812 989 1860 sutis
999 1812 1120 1861 invitare.

293 1888 353 1937 ilios
375 1888 419 1953 qui
432 1894 598 1937 tenerentur:
622 1901 672 1936 uec
690 1894 764 1937 teuto
779 1888 825 1936 im·
899 1889 1022 1937 Ceterum
1037 1902 1089 1936 nou
1103 1887 1171 1937 intro
1181 1901 1256 1951 nequo
1266 1885 1340 1935 stetit
1351 1882 1396 1934 de·

294 1962 433 2027 puniisset
442 1960 559 2026 suffugio,
568 1962 826 2027 qusutsiniibertste
865 1964 975 2014 lotorum
993 1961 1161 2027 impotentis:
1185 1960 1398 2026 nequeenimss·

294 2045 341 2088 sut
352 2053 399 2102 per
410 2045 495 2089 motus
506 2038 614 2099 civicos,
624 2038 666 2087 vei
682 2045 827 2103 grussntes
866 2040 900 2090 tis
907 2040 1038 2090 bobebsut
1053 2054 1085 2088 en
1095 2038 1232 2100 criminari,
1242 2052 1300 2101 quse
1310 2038 1396 2101 psisrn

294 2114 337 2163 rei
348 2114 536 2177 impendentes.
821 2118 828 2132 '
866 2124 924 2166 esst
939 2117 997 2179 iege
1014 2115 1138 2179 obligari:
1165 2114 1210 2163 sed
1231 2114 1303 2162 reiut
1319 2113 1397 2163 nitius

328 2186 421 2253 Neque
433 2190 511 2252 euius,
520 2196 550 2239 ut
560 2192 641 2254 prins,
652 2195 827 2255 expecmurn,
867 2191 1074 2256 introspicientes
1099 2199 1128 2240 et
1152 2189 1267 2253 penitius
1289 2186 1397 2238 sosutsti

296 2263 380 2313 donee
392 2264 469 2313 alicui
481 2263 551 2335 forte
562 2266 656 2315 liberet
672 2266 768 2314 diserto
780 2264 828 2314 ini·
867 2267 918 2315 sim
941 2272 969 2315 et
992 2266 1149 2315 seutentiam
1170 2264 1245 2327 legis,
1272 2277 1345 2313 cuns
1370 2269 1398 2313 et

295 2340 407 2391 micitiss
428 2342 520 2406 exequi
542 2343 644 2393 nomine
665 2342 827 2402 dsiereudo;
868 2342 1002 2395 criminum
1022 2355 1118 2405 genero
1139 2338 1239 2388 infinito
1259 2336 1398 2389 commenti

297 2423 343 2466 sut
359 2416 524 2481 magistratus
534 2419 655 2469 mulctum
671 2419 782 2480 diceret,
794 2418 828 2467 de
867 2424 952 2480 erant,
970 2423 1001 2467 ut
1019 2415 1202 2480 propemodum
1220 2427 1296 2463 uerno
1312 2414 1397 2464 insons

297 2506 349 2557 qus
371 2491 404 2541 sd
437 2494 559 2556 populum
590 2500 752 2544 certaretur:
781 2493 828 2543 sed
868 2500 947 2543 osset.

296 2569 392 2618 ‘inditi
410 2570 531 2619 custodes
551 2578 578 2620 et
589 2571 700 2634 praemiis
712 2569 828 2621 inducti'
899 2569 936 2617 Et
955 2567 1011 2631 psri
1022 2566 1186 2616 veberneutis
1194 2579 1242 2629 por
1253 2579 1341 2614 ornnes
1351 2564 1397 2614 ins·

297 2644 358 2694 Hoc
368 2646 509 2707 sst,cnpiie
519 2646 618 2708 iegibus
630 2644 729 2705 addito,
738 2644 830 2708 quibus
869 2643 935 2705 perii
948 2642 1056 2692 Roursui
1067 2649 1165 2707 portes,
1176 2640 1398 2704 quicquidubiqus

297 2719 405 2783 premia
421 2719 612 2769 definiebantur
629 2720 830 2783 accusatoribus,
868 2718 963 2769 civium
974 2717 1121 2780 esset,uibii
1133 2729 1204 2779 saepe
1213 2716 1295 2764 minos
1306 2727 1398 2778 expoe-

299 2792 469 2852 deistoribus,
487 2794 741 2856 quadruplatoribus,
760 2807 831 2857 syoo-
870 2792 1042 2855 tontesinjus
1053 2792 1202 2855 notabunt.
1232 2792 1398 2855 Tacitusper

300 2870 413 2935 phontis,
429 2874 549 2933 tauquam
560 2868 634 2917 bonis
646 2867 706 2917 viris
726 2872 754 2917 et
772 2883 830 2917 cus·
868 2866 898 2915 sb
910 2867 1065 2931 penetrabunt
1076 2874 1104 2916 et
1112 2868 1274 2929 corripuerunt
1284 2865 1400 2916 intellec·

299 2942 403 2993 todibus
415 2943 502 3007 legum
513 2950 541 2993 et
552 2942 728 3007 cognitoribus
741 2944 831 3008 populi
869 2948 924 2993 rum
945 2943 1026 2994 voluit
1043 2944 1148 2993 musaeo
1166 2942 1210 2991 isti
1228 2942 1398 3070 οιιιιιιάἰοιιᾱί,

299 3034 330 3077 uc
342 3018 531 3069 defensoribus.
868 3019 924 3068 sive
935 3026 1109 3068 soeusstores.

333 3094 383 3143 Vel
400 3094 485 3157 Pupio
504 3095 622 3157 Poppaes
640 3108 715 3157 quum
728 3092 832 3157 iusigni-
908 3095 972 3144 Utsi
988 3110 1003 3143 u
1018 3094 1153 3157 privilegiis
1166 3099 1291 3157 parerem
1300 3108 1399 3145 mesre·

301 3169 531 3239 teriliosinvitnti
560 3167 832 3232 seduriuoreinvidiu
870 3170 924 3234 tur]
957 3171 1037 3220 Certe
1052 3170 1090 3219 iiii
1109 3170 1271 3235 coelibesqni
1286 3171 1400 3222 simulet

301 3257 360 3293 cunr
372 3243 518 3309 populusiu
529 3248 631 3307 portem
649 3242 745 3306 praedae
758 3256 832 3293 ross·
873 3247 930 3297 orbi
950 3252 1034 3309 erent,
1058 3247 1097 3295 sio
1121 3247 1216 3296 multos
1237 3245 1399 3297 baereditstns

301 3324 384 3381 retur,
400 3325 427 3368 et
438 3333 532 3381 mogun
542 3316 631 3381 specie
642 3317 783 3381 aequitutis,
794 3323 833 3382 ut,
872 3323 1023 3387 osptsbsut‚
1035 3323 1097 3386 quis
1115 3323 1164 3384 ipsi
1184 3329 1213 3371 et
1229 3322 1400 3386 ssptsbsutur

302 3383 360 3445 'curu
373 3400 445 3443 tsuts
460 3392 597 3458 privilegis
612 3393 739 3442 murriano
749 3400 833 3458 etos
872 3414 930 3463 porr
941 3408 1007 3449 rute
1039 3398 1095 3449 At‘
1107 3398 1183 3447 rudrts
1194 3397 1324 3447 custodes
1336 3399 1399 3463 regis

303 3469 387 3519 tribus
401 3470 543 3533 proposito,
551 3470 572 3517 si
583 3476 667 3517 tamen
679 3468 713 3517 sb
724 3469 774 3519 iilis
785 3484 832 3534 per
873 3475 974 3539 Pupio,
990 3489 1083 3538 nempe
1101 3472 1231 3523 delatores
1231 3474 1296 3537 ‚qui
1306 3488 1351 3523 eos
1360 3490 1400 3525 ur

233 3548 238 3556 “
302 3544 468 3594 rostriurouis
487 3551 514 3593 et
535 3550 671 3607 susceptos
683 3544 776 3593 liberos
787 3560 832 3609 sp-
873 3558 976 3615 gerent,
996 3556 1132 3611 vexarent,
1151 3550 1173 3597 si
1190 3563 1242 3613 qus
1262 3550 1399 3601 heredites

303 3620 423 3685 petendis
435 3620 538 3691 creiibss
553 3626 794 3680 coronaturum
806 3622 833 3671 iu
872 3626 936 3690 ipris
954 3625 1046 3674 relicto
1061 3624 1209 3687 inissetitn
1226 3632 1257 3675 ut
1274 3626 1319 3676 ilis
1335 3625 1400 3678 bons

301 3699 395 3748 relicta
409 3698 530 3761 relegato
537 3698 592 3762 juri
601 3700 710 3761 populus
721 3699 834 3748 omniurn
873 3700 967 3749 reiicts
988 3699 1130 3757 coeiibibus,
1151 3708 1272 3763 tunquam
1294 3701 1400 3755 wosstis

302 3774 397 3836 pareus
410 3772 572 3834 succederet,
583 3783 660 3836 atque
671 3774 702 3823 iis
715 3781 744 3823 ut
756 3774 833 3825 cndu·
873 3776 983 3841 populus
1007 3773 1145 3837 obtineret,
1169 3790 1215 3825 seu
1237 3778 1262 3822 in
1284 3775 1400 3827 sororium

303 3846 340 3898 cis
352 3845 493 3897 frueretur.
529 3848 670 3897 Grosoos'sss.
774 3840 784 3863 ⁶
874 3858 1036 3913 cogerentur.
1069 3851 1147 3915 Cuius
1158 3850 1255 3914 praede
1271 3850 1340 3898 bsud
1357 3850 1400 3901 du·

336 3921 424 3985 Iruiits',
435 3922 557 3986 impositi,
568 3930 597 3971 ut
617 3924 634 3971 i.
646 3936 683 3973 ru.
701 3925 835 3975 ‘Cesielin
874 3924 987 3989 biepsrs
1005 3942 1056 3976 uon
1074 3924 1353 3987 modicsperveuiebst
1368 3925 1399 3975 sd

304 3996 413 4060 rupibus
429 3995 528 4056 iuditsss
544 3997 606 4047 etl.
617 4010 648 4047 ιι.
667 3999 803 4049 ‘vinciis
796 4014 834 4048 ru·
874 4000 1005 4050 delatores
1006 4004 1066 4067 ‚qui
1077 4003 1171 4053 tsiibus
1186 3999 1400 4063 uraniisindusti

305 4069 384 4120 ditis!
435 4072 556 4135 Custodes,
578 4079 608 4122 ut
629 4086 666 4123 ru.
690 4075 774 4125 suuni.
793 4078 834 4124 8⁰.
875 4076 1147 4140 scriusiurigiisbuut

306 4148 399 4197 Cicero
410 4145 559 4199 divinatio
570 4149 702 4200 Curtilium
718 4148 751 4200 de
762 4164 835 4215 repe-
906 4151 1072 4213 'Vsossts'u1
1087 4149 1255 4211 Deficientis,
1264 4130 1371 4203 essuos.

306 4222 409 4276 tundis.
445 4224 541 4289 ‘cujus
562 4225 627 4291 legis
648 4236 701 4277 non
721 4226 798 4278 modo
820 4242 837 4279 s
907 4232 920 4259 ⁵
906 4226 1111 4291 Msumqu
1129 4224 1205 4277 sxsisi
1221 4224 1310 4290 m]
1342 4225 1399 4281 noe
