3159 4917
263 354 329 424 540
633 370 665 419 u.
688 364 868 417 connunn
891 361 1018 414 ructui
1200 358 1366 433 [num

268 565 273 575 .
305 512 359 579 ut.
381 512 536 595 Sequitur
545 510 673 575 'liberii
688 516 842 592 quartus,
858 510 961 573 Drusi
973 506 1137 572 secundus
1148 506 1364 588 Consulatus,

264 616 369 699 patris
383 620 481 696 atque
496 613 553 677 filii
572 612 710 692 collegio
731 612 868 691 insignis
878 619 902 673 :P
922 629 997 672 num
1023 610 1156 672 biennio
1179 615 1253 671 aute
1277 608 1364 673 Ger-

263 716 385 780 manici
400 735 473 778 cum
489 714 625 778 'liberio
640 714 727 807 idem
741 712 858 790 honor,
870 731 979 795 neque
1001 717 1118 792 patruo
1130 711 1241 786 laetus,
1256 728 1364 793 neque

265 822 385 887 nutura
398 822 465 879 tum
481 822 660 878 connexus¹
672 822 685 860 q
698 814 812 878 luerat.
838 813 919 897 Ejus
930 813 1006 875 anni
1015 812 1180 894 principio
1191 810 1362 888 liberius,

265 918 361 1000 quusi
377 916 547 979 firmandos
558 914 749 991 valetudini,
761 916 795 978 in
806 913 1025 996 Campaniam
1041 914 1217 989 concessit,
1233 912 1363 993 longam

265 1024 298 1083 et
312 1019 503 1082 continuum
518 1017 700 1081 absentiam
714 1016 876 1099 paulatim
891 1015 1055 1079 meditans
1064 1022 1086 1077 :r
1099 1016 1181 1091 sive,
1193 1019 1239 1090 ut,
1252 1019 1365 1078 amoto

266 1124 370 1203 putre,
396 1118 527 1181 Drusus
549 1118 658 1181 munia
682 1118 882 1181 Consulatus
904 1118 996 1180 solus
1012 1118 1171 1198 impleret.
1216 1114 1269 1177 Ac
1284 1115 1365 1178 sorte

267 1238 373 1301 parva
393 1236 457 1297 res,
480 1238 632 1299 magnum
649 1217 691 1282 ed
707 1224 869 1282 certamen
892 1236 1078 1300 progressa,
1093 1217 1239 1298 praebuit
1249 1214 1365 1301 juveni

301 1396 413 1461 Sequitur
420 1403 516 1460 qnnrtm
528 1396 618 1447 Tiberii
629 1399 768 1459 consultrice,
778 1396 855 1447 Drusi
869 1394 991 1454 nundus,
1004 1399 1077 1471 putre
1084 1392 1186 1459 filioque
1204 1393 1302 1455 collegis
1317 1392 1369 1441 exi·

267 1461 344 1511 nn'tts:
359 1477 413 1510 num
424 1464 512 1510 motus
521 1467 575 1511 unte
585 1463 655 1510 unnis
664 1465 743 1511 eodem
753 1463 861 1523 dignitus
873 1460 1010 1509 Gemuniet
1025 1474 1076 1507 enen
1090 1459 1193 1516 liberm,
1202 1474 1273 1520 neque
1282 1461 1368 1521 petrns

268 1530 322 1575 tunt
332 1531 414 1587 grute,
424 1542 496 1589 neque
505 1526 619 1587 sunguine
627 1532 677 1574 tum
687 1525 906 1587 conjunctuftternt.
941 1524 1014 1572 lnt'tio
1025 1523 1094 1583 injus
1103 1524 1160 1572 unni
1174 1522 1284 1571 ilbertus
1296 1524 1368 1571 ean·

266 1589 362 1653 posim
369 1590 449 1653 petiit,
458 1596 567 1653 tanquam
578 1589 755 1639 emotmundoe
765 1590 910 1646 centwini,-
925 1590 1031 1649 sinejmn
1043 1576 1198 1648 tumugilnns
1211 1588 1298 1645 animo,
1315 1600 1368 1633 sen·

267 1654 355 1715 qutse
363 1656 489 1717 proludens
500 1656 610 1702 diuturno
617 1661 772 1717 perpetuoque
783 1654 899 1709 recessui,-
915 1655 963 1701 eise
973 1660 1010 1712 att,
1020 1652 1114 1699 absente
1119 1656 1198 1713 putre,
1210 1651 1303 1699 Drusus
1314 1664 1369 1697 eon·

266 1717 325 1767 nti·
341 1724 422 1779 purten
438 1720 501 1766 solus
517 1719 653 1767 sustineret.
685 1717 722 1766 Ae
734 1716 839 1776 fortuito
856 1718 946 1764 moden
962 1730 999 1764 res
1014 1718 1134 1775 ingentem
1149 1716 1180 1761 nd
1197 1714 1368 1763 contentionem

268 1781 643 1846 prouectuest‚su1tpeditcuitqtte
653 1782 795 1830 dementi
804 1782 947 1829 monument
961 1779 1103 1828 molliendi
1117 1776 1163 1826 siln'
1178 1779 1257 1827 studio
1270 1778 1369 1826 enim

727 1919 904 1943 ”tamenn

607 2011 618 2057 1
637 2004 782 2056 Gronovius
793 2005 908 2069 conjicit,
917 2005 1034 2054 comnis

767 2137 878 2189 NOTAE

270 2231 436 2296 multacnpia
448 2233 544 2296 coeuit!
561 2235 628 2285 Saue
639 2235 762 2297 stantius,
773 2243 802 2285 et
841 2239 933 2296 pater3
960 2245 1044 2297 neque
1066 2229 1155 2301 fratris
1174 2229 1254 2279 tilium
1275 2244 1306 2280 eo
1327 2228 1371 2279 lto·

271 2320 348 2368 mser,
358 2314 387 2356 et
396 2309 496 2370 oniscon
506 2318 533 2359 et
544 2313 652 2375 nequire,
662 2314 763 2375 quondo,
773 2317 801 2362 et
842 2323 903 2359 note
925 2306 1013 2357 efferri
1035 2314 1087 2355 tnui
1106 2305 1199 2355 lubens
1218 2304 1371 2369 aspiciebat,

268 2384 629 2447 propter,quibusl1icnoster
644 2388 802 2449 enituntur·
843 2398 920 2447 quam
939 2396 1008 2430 nnnc
1021 2382 1133 2430 Drusum
1148 2380 1280 2444 proprium
1292 2381 1371 2430 etsul

272 2456 305 2506 ba
318 2465 379 2506 suut
389 2472 404 2507 e
415 2466 546 2509 vetustate
557 2462 678 2524 repetita,
690 2476 760 2526 quse,
771 2468 802 2511 ut
841 2459 972 2522 unguinis
982 2457 1079 2507 filium:
1097 2457 1140 2521 qui
1158 2460 1315 2518 consulatus,
1325 2472 1372 2507 seu

272 2533 310 2583 ait
335 2534 374 2584 Μ.
393 2535 494 2599 Fabius,
515 2550 566 2597 nou
589 2538 667 2585 solum
695 2552 802 2600 magnos
842 2538 919 2601 genio
931 2535 1042 2599 pessimo
1052 2534 1159 2595 liberii,
1167 2547 1212 2582 seu
1222 2533 1375 2583 Germanici

270 2616 413 2661 essenores
424 2612 529 2675 hebent,
540 2613 586 2663 sed
598 2614 675 2663 etiem
685 2620 803 2663 esserunt
842 2611 907 2673 into,
917 2611 1046 2661 infaustus
1057 2617 1085 2659 et
1094 2609 1206 2658 exitialis
1222 2609 1247 2657 el
1260 2607 1319 2672 tun,
1327 2623 1372 2659 ue·

271 2686 380 2736 orationi
391 2688 562 2749 majestatem.
579 2690 666 2738 ‘Num
678 2695 705 2738 et
714 2695 804 2738 aucto·
843 2700 893 2751 que
903 2686 1088 2735 minusDruso.
1107 2685 1256 2735 observant
1265 2685 1373 2748 periisse

271 2758 358 2809 ritatn
379 2760 560 2823 antiquitatem
576 2762 682 2823 habent,
698 2769 727 2810 et
744 2762 805 2826 quia
844 2774 932 2810 omues
956 2760 1055 2810 'riberii
1075 2761 1195 2824 collegas.
1232 2760 1276 2809 Sic
1303 2760 1374 2825 Piso,

271 2834 417 2885 intermisse
436 2844 504 2897 suut,
519 2836 628 2899 gretiam
644 2838 753 2887 novitati
771 2839 804 2886 si·
844 2837 938 2896 Verus,
949 2844 977 2886 et
988 2836 1071 2886 ceteri
1081 2837 1131 2886 elii.

271 2910 358 2961 anilem
369 2912 479 2975 parant‚'
492 2913 574 2976 lnquit
586 2913 640 2962 ille.
875 2918 885 2943 ¹
901 2911 1033 2973 Meditare]
1049 2912 1109 2961 Vim
1126 2911 1201 2975 liujus
1217 2912 1288 2961 vocis
1300 2911 1374 2961 tsedi-

304 2987 451 3051 tlnsigsts]
468 2988 516 3037 llle
536 3002 616 3037 nunus
634 2989 804 3053 insignisque·
841 2988 982 3050 immun
994 2988 1049 3037 scio
1068 3002 1102 3037 en
1118 2988 1181 3037 satis
1198 2988 1373 3051 perceperint.

272 3062 321 3114 tris
346 3062 445 3127 iiliiqus
473 3065 626 3113 consulatu:
655 3080 713 3114 nem
740 3066 804 3116 licet
843 3063 874 3113 Id
892 3065 961 3112 enim
984 3078 1035 3111 non
1056 3071 1107 3124 est,
1129 3065 1257 3128 cogitans,
1278 3064 1324 3113 sstl
1347 3065 1374 3120 in

272 3136 377 3187 biennio
395 3144 455 3187 unte
476 3138 543 3187 idem
565 3138 716 3202 contigisset
736 3140 803 3189 Ger·
842 3147 1004 3188 antecessum
1032 3139 1178 3202 experiens,
1208 3145 1375 3203 pretentans,

272 3210 466 3274 manicemus,
475 3212 519 3275 qui
528 3213 606 3261 etiam
615 3212 683 3263 fidus
691 3215 803 3275 'liberii3
844 3222 1017 3278 praestans,
1037 3220 1066 3263 et
1086 3216 1111 3263 ei
1133 3214 1206 3277 quasi
1225 3214 1374 3277 proludens.

217 3346 220 3351 Ι
273 3286 335 3351 quin
344 3292 430 3336 tamen
441 3286 509 3335 filius
528 3287 582 3351 ejus
594 3296 693 3338 tuntum
704 3289 805 3353 adepti·
844 3292 882 3339 Ut
893 3291 1002 3339 muneri
1013 3290 1132 3353 dicimur,
1142 3290 1169 3338 ln
1180 3304 1230 3353 quo
1242 3303 1288 3338 uos
1301 3304 1375 3339 exer·

275 3376 322 3411 vus
333 3367 410 3424 esset,
419 3375 529 3425 eumque
540 3362 599 3412 odio
609 3364 717 3413 heberet
729 3364 806 3415 'l'ibe-
845 3379 932 3415 cemus
943 3365 976 3414 ad
988 3364 1144 3415 discentium.

274 3437 337 3499 rius,
352 3437 413 3487 hinc
431 3435 540 3496 tectum,
550 3443 581 3486 ut
596 3438 639 3488 hic
658 3440 805 3489 eonsulntns
877 3441 912 3489 Et
923 3440 1004 3489 morbi
1025 3454 1106 3503 genus
1123 3439 1149 3488 iu
1169 3439 1322 3489 difficultate
1336 3452 1377 3489 re·

274 3512 434 3572 Germanici,
461 3526 545 3576 neque
567 3520 619 3563 tam
640 3515 715 3565 laetus
737 3522 807 3567 esset
845 3514 960 3579 spirandi
982 3515 1197 3565 ‘meditationem
1212 3516 1312 3565 mortia’
1333 3530 1375 3565 vo·

241 3596 245 3603 '
275 3588 389 3652 tiberio,
405 3595 435 3639 ut
454 3603 538 3653 neque
556 3582 623 3639 iilius
640 3591 684 3639 ille
707 3592 807 3655 collega
845 3597 890 3639 cat
904 3593 1003 3639 senece
1024 3591 1074 3653 Ep.
1095 3594 1136 3639 tt.
1164 3591 1217 3640 Pro
1236 3606 1268 3641 eo
1287 3589 1376 3640 ditem

273 3676 326 3714 non
343 3670 396 3712 tam
411 3664 567 3726 conjunctus
579 3664 663 3714 animo
674 3670 702 3714 et
713 3674 807 3717 natura
845 3663 921 3728 ponit
938 3664 965 3712 iu
985 3664 1099 3713 Hercule
1119 3666 1241 3728 Fureute,
1252 3666 1376 3717 Somnum

275 3746 342 3801 eret,
353 3737 454 3804 fuitque
471 3738 610 3791 iufaustum
627 3741 761 3804 collegium
779 3744 807 3792 il·
846 3740 996 3803 alloquens:
1019 3741 1119 3803 ‘genus
1146 3743 1281 3791 humanum
1304 3744 1376 3806 cogis

275 3816 321 3865 lud
332 3816 496 3877 (innuentes,
510 3822 539 3865 ut
558 3821 587 3866 et
605 3818 721 3867 omuibus
739 3818 805 3877 aliis.
845 3817 948 3879 longam
956 3817 1056 3867 discere
1066 3826 1174 3867 mortem
1182 3818 1200 3867 ι’
1217 3818 1244 3866 itl
1261 3825 1311 3881 est,
1324 3832 1377 3867 me·

275 3891 369 3956 quibus
378 3891 403 3939 itl
415 3890 519 3954 obtigit.
847 3892 931 3945 ditari.

307 3973 320 4008 ¹¹
338 3966 420 4029 Neque
439 3972 525 4015 nature
540 3972 591 4018 tans
611 3970 739 4033 constans]
755 3970 805 4020 Ille
878 3968 995 4018 Sicalibi
1013 3969 1080 4019 dixit
1097 3971 1159 4019 Tac.
1178 3966 1276 4016 ‘otium
1296 3969 1377 4021 lacet·

277 4050 363 4098 tamen
388 4044 535 4095 consulatus
559 4045 709 4097 Gennanici
736 4043 806 4094 hand
846 4044 930 4104 sere;’
946 4044 972 4093 id
985 4045 1162 4109 estpuulatim
1179 4056 1377 4094 mrescsreso·

276 4115 386 4183 perinde
396 4117 502 4182 insignis
512 4125 553 4169 est
564 4120 676 4180 ltsbitus,
688 4120 749 4184 quie
764 4120 807 4169 Ti·
845 4118 959 4182 lituum,
979 4120 1048 4185 quod
1069 4118 1170 4169 facilius
1195 4124 1237 4169 est
1260 4119 1375 4185 regibus,

277 4191 365 4254 herlus
375 4191 414 4268 illi
427 4206 478 4243 nou
496 4200 599 4259 natura,
608 4193 655 4245 sed
667 4195 806 4260 adoptione
847 4209 924 4261 quarn
935 4193 1091 4260 purpuratis.
