3159 4917
213 404 351 469 J.c.ss.]
566 396 785 465 ,sensurum
812 398 886 447 nru.
909 400 960 447 vr.
1249 384 1316 451 οω

259 546 312 611 17.
337 543 429 609 Hinc
443 541 558 625 inopie
581 542 629 605 rei
652 542 856 621 nummariae,
873 546 1041 609 commoto
1056 541 1156 607 simul
1169 544 1313 609 omnium

217 666 284 712 tere
299 646 425 725 alienun
457 649 490 707 et
510 643 601 726 quin,
626 647 676 706 tot
699 644 877 723 damnetis,
895 646 1056 729 bonisque
1072 664 1187 709 eorum
1201 644 1316 709 diven-

215 747 304 824 ditis,
320 749 485 829 signetum
498 749 668 827 argentum
688 745 772 809 tisco
787 746 844 809 vei
865 748 986 811 aererio
1004 746 1217 837 attinebntur.
1258 744 1316 809 Ad

215 846 280 912 hoc
296 848 439 913 Senatus
453 845 714 929 praescripserat,
738 849 749 878 ‘
765 845 851 911 duos
864 847 1005 931 quisque
1021 845 1172 911 foenoris'
1189 850 1316 931 partesi

213 947 348 1031 integris
368 969 429 1031 per
444 947 580 1013 {talium
593 944 792 1011 collocaret’
835 946 904 1011 Sed
919 947 1097 1011 creditores
1111 948 1147 1010 iu
1171 946 1315 1012 solidum

212 1050 460 1133 appellabant:q
489 1067 552 1111 nec
566 1047 720 1123 decomm
742 1046 934 1131 appelletis,
950 1050 1093 1113 minuere
1106 1048 1214 1112 fidem.
1259 1049 1316 1112 Itu

213 1150 322 1233 primo
335 1148 544 1215 concrusetio
558 1159 592 1213 et
614 1156 760 1230 precetur*
792 1148 869 1213 dein
883 1154 1028 1233 strepere
1042 1149 1200 1214 Praetoris
1212 1150 1315 1214 tribu-

211 1251 288 1316 nel:
303 1270 421 1334 enque,
434 1270 510 1335 quer
525 1250 669 1315 remedio
683 1250 839 1334 quesita,
850 1250 997 1315 venditio
1007 1256 1040 1317 et
1050 1250 1176 1330 emtio,'
1186 1251 1222 1315 in
1236 1270 1314 1315 con·
1398 1336 1401 1341 Δ

232 1476 312 1553 Hine
320 1485 413 1555 egestus
420 1480 457 1556 rei
465 1480 618 1543 pmsisrioe,
627 1494 735 1557 ensesue
744 1486 769 1530 et
783 1478 898 1541 murto
907 1478 978 1528 sissst
993 1478 1156 1555 ostermere
1173 1478 1316 1553 ereluts'errs,

210 1682 265 1717 sure
284 1672 523 1731 praesentisceret
540 1672 567 1721 in
579 1672 684 1734 prediis
696 1686 745 1735 per
758 1671 873 1722 ltsiiem.
906 1670 956 1719 Sed
973 1667 1101 1719 creditores
1116 1673 1192 1717 totess
1207 1670 1314 1731 peesss'ae

211 1745 325 1781 nmmum
335 1736 398 1798 upsd
407 1734 502 1795 josues
518 1736 669 1799 repetebnt,·
688 1736 870 1788 seciorem
887 1740 945 1783 eret
961 1733 1044 1782 citetis
1059 1731 1229 1795 debitoribus,
1241 1746 1313 1782 susm

202 1795 282 1859 fidere
293 1811 339 1846 seu
350 1799 479 1849 creditum
490 1800 619 1866 isstmure
651 1799 694 1849 Sic
703 1800 775 1850 initis
784 1812 909 1849 msere
917 1802 940 1847 et
950 1797 1114 1860 precationes:
1140 1801 1220 1858 podes
1235 1796 1315 1845 utemi-

671 1938 834 1959 emuncto
837 1937 851 1957 O

243 2032 256 2076 1
275 2028 383 2079 Frustn
393 2035 479 2081 tentet
490 2032 767 2096 Mamercum-sse
777 2028 944 2094 professoris.
963 2028 1041 2079 Licet
1051 2028 1119 2079 eninr
1134 2026 1274 2077 Suetonius
1286 2026 1314 2077 in

210 2089 302 2142 Tiber.
325 2106 421 2143 xurrrt.
432 2095 540 2158 dixerit,
555 2100 635 2146 ‘cum
654 2110 702 2160 per
718 2093 972 2153 senatusconsultum
989 2093 1126 2155 sensisset,
1137 2098 1166 2142 ut
1176 2090 1314 2147 irrueretu-

210 2168 252 2204 res
263 2157 327 2205 dnus
339 2159 487 2221 putrimonii
558 2175 586 2210 es
604 2161 629 2209 iu
646 2160 702 2210 solo
720 2160 888 2219 concurrent,
898 2157 1031 2207 debitores
1042 2156 1153 2207 totidem
1165 2156 1222 2205 ueris
1234 2154 1313 2205 alieni

207 2220 298 2270 stetim
318 2222 467 2287 soirereut,’
484 2225 550 2274 urbii
569 2229 656 2275 temen
674 2222 840 2273 munuerim.
871 2220 933 2287 Sed,
949 2220 1119 2287 patrimonium
1130 2227 1158 2271 et
1173 2219 1255 2281 soesus
1265 2234 1313 2283 pro

708 2365 819 2419 NOTAE

240 2476 336 2529 eben
344 2482 442 2546 quisque
453 2482 555 2544 feurit
562 2482 654 2548 pertus]
678 2484 740 2534 Sue·
781 2486 849 2545 rent,
859 2480 993 2531 debitores
1010 2484 1053 2531 tot
1067 2477 1137 2529 idem
1157 2477 1216 2527 seris
1236 2476 1312 2527 siieui

209 2559 264 2605 teu.
274 2557 331 2608 'i'iiu
343 2572 368 2609 c.
378 2564 419 2610 es.
438 2561 598 2625 Simiiequid
611 2560 712 2611 Piinius
721 2562 738 2610 Ι.
779 2558 869 2608 stetim
880 2557 1027 2609 solverenu'
1050 2556 1165 2606 Piebeso.

211 2645 251 2680 rr.
263 2634 339 2696 epist.
349 2634 384 2684 de
395 2642 486 2687 senetu
496 2638 537 2686 sui
544 2637 607 2687 eri:
633 2636 741 2687 ‘Petri-
811 2633 972 2683 sCredttores
990 2633 1016 2681 is
1034 2630 1133 2681 etun
1152 2625 1311 2691 mutuabant]

211 2708 289 2757 monii
306 2709 411 2760 tertium
423 2717 525 2775 portem
536 2711 741 2774 conterrejnssit
779 2710 812 2759 Iu
823 2724 922 2760 summe
931 2707 1020 2773 inopis
1030 2706 1067 2755 rei
1081 2702 1241 2763 nummeriae,
1252 2716 1312 2753 oum
1325 2746 1326 2754 ,

206 2781 233 2831 te
245 2797 275 2831 ee
286 2798 344 2847 quse
359 2786 414 2835 soto
426 2787 638 2838 continerentur!
662 2787 740 2852 cepi·
779 2798 831 2835 uon
842 2785 968 2835 heberent
984 2781 1128 2839 debitores,
1145 2777 1214 2827 uude
1227 2777 1311 2826 scire-

205 2858 302 2907 tsiinus
311 2858 345 2909 de
357 2861 395 2910 Μ.
407 2860 535 2912 Antonios
551 2863 655 2915 ‘Jussit
663 2869 694 2912 ut
700 2876 740 2913 se
779 2866 852 2922 rent,
879 2860 979 2911 dnebus
999 2857 1102 2925 quidem
1117 2853 1221 2904 foenoris
1232 2851 1312 2919 perpi-

206 2936 311 2981 ustores
339 2936 470 2999 peregrini
499 2942 619 3000 quartem
637 2942 739 2999 purtem
778 2935 828 2986 bus
838 2933 1041 2995 sstist'eciebsut,
1055 2932 1122 2995 egris
1133 2927 1266 2979 tradendis
1277 2942 1311 2977 ex

205 3006 234 3057 is
245 3007 325 3059 itsiis
334 3010 514 3074 possiderent!
778 3009 1014 3061 senatusconsulto.
1049 3006 1185 3069 Reliquum
1196 3002 1309 3052 rero'rei

239 3084 515 3149 queispsefoesoris
523 3086 615 3151 portes]
639 3086 741 3136 Intelli-
779 3100 855 3149 egros
863 3085 983 3135 similiter
994 3086 1181 3145 occupaturum
1190 3082 1255 3141 eret,
1269 3076 1310 3140 rei

205 3174 240 3224 go
260 3160 323 3211 duss
345 3172 432 3227 partes
453 3179 487 3215 ex
508 3164 592 3215 tribus
610 3162 739 3226 pertibus,
778 3161 847 3225 spnd
858 3160 989 3211 debitores
999 3156 1141 3209 residebst.

206 3236 425 3289 reidusstertiss
436 3245 534 3303 pestes.
565 3238 610 3289 Sic
622 3238 738 3288 lidori·
811 3240 905 3304 itsque
923 3237 1032 3289 soiidunr
1054 3234 1180 3300 petebant
1196 3246 1229 3281 ex
1241 3231 1309 3296 egris

205 3324 227 3360 ι.
250 3313 336 3362 ‘Cum
355 3314 476 3365 Hernicis
486 3313 571 3366 fredos
582 3316 672 3377 ictum,
682 3315 753 3379 egri
777 3316 827 3367 sibi
838 3318 903 3368 toiri
919 3316 1083 3374 creditores3
1102 3310 1257 3377 negeutibns
1266 3311 1310 3361 de·

208 3394 297 3449 pestes
308 3387 366 3437 due
377 3389 506 3447 aduste!
533 3391 602 3441 Nem
614 3392 690 3454 penio
701 3390 739 3439 iu·
776 3392 916 3455 nitoribus,
927 3398 1036 3456 propter
1044 3388 1308 3453 sgrommviiitetens.

207 3458 250 3509 t'rs
265 3462 319 3512 sit:
345 3464 436 3515 ‘Quid
459 3466 596 3517 attinuisse
615 3467 739 3519 Hernicis
776 3472 843 3522 Cum
862 3475 949 3520 sutem
967 3468 1067 3519 nolteut
1082 3464 1247 3530 msgIstrstus
1263 3463 1310 3518 rui·

207 3537 286 3599 penio
304 3545 366 3588 ente
376 3540 491 3591 hostibus
504 3542 577 3607 cepti
594 3544 650 3609 egri
667 3544 740 3594 terti·
776 3546 820 3595 nui
839 3544 927 3609 iidem,
945 3545 994 3595 hoe
1011 3549 1061 3609 est,
1073 3544 1172 3593 velient
1190 3538 1308 3591 omnibus

205 3626 247 3661 ser
260 3620 360 3675 purtem
369 3615 467 3665 reddit’
775 3622 905 3687 integrum
932 3620 1005 3683 soiri,
1021 3620 1058 3670 its
1076 3619 1186 3683 primum
1202 3626 1307 3665 coneur-

239 3686 446 3742 ldemiib.u1n.
458 3692 485 3741 in
495 3694 608 3758 princip.
636 3694 737 3759 ‘oppt
774 3698 851 3761 satio,
859 3700 909 3748 erc.
926 3696 1048 3746 ferretus.

205 3762 267 3814 dum
275 3771 381 3828 ceptum
392 3766 572 3833 redditumque
581 3769 740 3819 Priuerustt·
808 3778 819 3805 ¹
830 3770 984 3821 Cmrrntio
991 3775 1015 3820 et
1019 3768 1111 3833 preces]
1122 3767 1227 3819 Precsti
1239 3764 1308 3832 prin·

204 3838 264 3899 bus,
284 3842 407 3905 presidio
425 3844 511 3893 vsiido
533 3845 664 3909 imposito,
680 3845 738 3909 seri
777 3846 862 3911 cipum
887 3852 916 3895 et
937 3852 1065 3908 senatum,
1090 3849 1120 3893 ut
1141 3842 1308 3893 mederentur

204 3924 295 3981 portes
306 3918 365 3968 dues
374 3920 504 3970 sdemtoe!
777 3919 930 3981 estuuitsti,
941 3918 1011 3968 torte
1025 3926 1053 3969 et
1070 3918 1141 3982 ipsos
1158 3916 1310 3984 creditores,

238 3992 389 4049 iliustretur
406 3995 449 4046 bic
468 3996 556 4045 Teeiti
566 3994 638 4046 iocus
648 4010 664 4046 s
674 3994 737 4045 Sue·
777 4011 823 4047 seu
834 3994 1012 4058 ioeuerstores,
1022 4007 1055 4045 ne
1069 3998 1217 4058 premerent
1232 3992 1308 4047 rebe·

204 4068 384 4121 tonstrinis.
416 4071 500 4122 ‘Cum
514 4084 563 4136 per
572 4076 737 4123 senstuscou·
776 4071 898 4123 mentius.

203 4144 301 4195 sulturn
311 4146 448 4209 esurisset,
464 4156 495 4198 ut
504 4146 682 4199 foenmstores
691 4147 737 4196 ds·
747 4194 760 4218 ,Ι
809 4146 941 4198 'Bomio
951 4146 1059 4212 quera,
1068 4145 1172 4197 uenditis
1184 4151 1208 4196 et
1223 4144 1308 4211 mro]

208 4230 239 4267 ss
249 4222 398 4284 putrimouii
414 4229 504 4290 pestes
515 4224 543 4275 in
553 4224 610 4277 soto
626 4220 737 4273 eolioes·
775 4223 947 4281 Semus‘sstr
971 4224 999 4275 in
1015 4224 1104 4277 lusum
1122 4220 1314 4291 libidinemque
