3159 4917
261 367 328 432 714
616 380 649 427 c.
672 377 852 426 coenanti
866 374 1002 426 “rllclul
1202 371 1362 444 [insumi

260 521 435 596 concessit.
478 519 580 584 Hunc
594 537 656 600 ego
667 517 847 600 Lepidum,
861 515 1066 598 temporibus
1089 515 1164 592 illis,
1180 531 1314 598 gravem
1328 527 1361 586 at

261 626 444 708 sapientem
459 624 564 686 virum
578 620 684 683 fuisse
699 619 878 701 comperio.
924 617 1014 680 Nam
1027 619 1184 700 pleraque
1199 618 1242 681 ab
1248 622 1360 690 suevis

260 725 527 790 adulationibus5
549 722 686 785 aliorum
703 720 737 782 in
751 719 868 781 melius
882 719 975 781 flexit
986 726 1016 782 :¹
1037 738 1141 802 neque
1154 727 1264 785 tamen
1277 727 1359 786 tem-

260 826 439 910 peramenti
453 825 580 904 egebat,
597 842 673 885 cum
690 820 862 902 aequabili,
873 822 1067 884 auretoritate
1092 828 1124 885 et
1139 823 1246 902 gratia
1271 822 1362 906 apud

258 927 427 990 Tiberium
459 924 609 1005 viguerit.
653 915 763 983 Unde‘
780 920 934 982 dubitare
964 939 1075 1001 cogor,
1106 921 1173 984 fato
1206 928 1238 984 et
1273 929 1360 988 sorte

259 1027 444 1103 nascendi:
458 1032 495 1088 ut
509 1030 628 1099 cetera,
642 1024 690 1085 ita
702 1020 895 1102 Principum
909 1020 1079 1084 inclinatio
1093 1022 1127 1084 in
1136 1022 1207 1099 hos,
1219 1023 1359 1087 offensio

258 1109 465 1191 tn'illosran
490 1125 533 1187 sit
557 1121 685 1204 aliquid
706 1122 741 1185 in
762 1121 884 1184 nostris
903 1122 1062 1201 consiliis,
1078 1120 1266 1206 liceatque‚'’
1278 1123 1360 1187 inter

258 1315 393 1366 tiliiaSitii.
427 1315 481 1376 Ego
491 1315 581 1377 reperio
591 1314 651 1362 lune
662 1313 778 1375 Lepidam
796 1328 823 1361 eo
840 1317 912 1362 oetate
933 1317 1074 1362 constantem
1093 1314 1360 1376 pmdeatemquerims

250 1378 336 1438 satae.
366 1378 459 1441 Quippe
471 1381 544 1427 multa
554 1377 584 1425 ab
592 1378 654 1426 diris
664 1377 860 1426 assentationibus
869 1378 978 1438 eborum,
985 1378 1011 1426 in
1022 1379 1097 1426 lenius
1107 1378 1187 1440 tulit,
1197 1393 1269 1438 neque
1280 1384 1360 1428 tarsen

259 1445 409 1492 modestiaet
420 1443 598 1505 temperamenti
608 1456 693 1502 espiers
705 1439 768 1500 suit,
778 1441 863 1504 quippe
882 1442 922 1504 qui
940 1441 994 1504 puri
1011 1446 1126 1504 potestate
1142 1447 1165 1490 et
1181 1443 1288 1490 orobitin
1298 1443 1360 1505 opud

261 1507 379 1555 liberium
390 1507 512 1568 floruerit.
545 1505 611 1554 Hine
629 1502 754 1553 dubitandi
773 1506 835 1553 locta
853 1509 896 1561 est,
907 1517 938 1553 un
949 1519 1003 1553 castr
1014 1513 1038 1553 et
1056 1511 1119 1554 sorte
1133 1506 1261 1566 genitore,
1272 1505 1359 1553 utalia

182 1592 187 1600 ·
258 1571 336 1619 anania
347 1576 409 1630 sunt,
417 1571 453 1618 ita
460 1570 515 1632 fato
524 1572 632 1631 quodam.
642 1569 776 1630 principun
783 1583 872 1631 pronus
881 1569 906 1617 in
917 1569 958 1616 lna
968 1570 1059 1618 animus
1076 1570 1117 1629 sil,
1135 1567 1240 1627 infensus
1251 1569 1276 1616 in
1292 1570 1360 1617 illos:

259 1651 290 1682 on
301 1649 356 1684 rere
365 1635 455 1697 aliquid
470 1639 557 1683 nostre
564 1633 699 1696 pudentia
710 1633 778 1696 insit,
787 1633 901 1696 liceatque
912 1633 975 1682 inter
992 1633 1137 1696 precipitem
1153 1634 1318 1697 ρεπίιιιείιπι,
1338 1638 1359 1684 rt

756 1795 864 1848 NOTAE

184 1992 188 2000 Ι
258 1927 371 1980 Tacitus.
381 1927 451 1978 Anu.
462 1929 481 1978 l.
494 1941 554 1980 xur.
565 1933 593 1978 et
604 1928 695 1978 histor.
705 1931 730 1977 t.
831 1927 958 1992 geniture
981 1928 1049 1992 lege,
1069 1926 1142 1977 aient
1158 1926 1217 1990 alia,
1227 1925 1264 1976 ita
1279 1925 1360 1976 etiam

292 2006 351 2056 Nee
360 2006 603 2070 praetereunduebie
608 2007 701 2055 Dionia
709 2006 790 2067 loeus,
831 2004 987 2068 principum,
996 2005 1021 2052 ln
1030 2003 1161 2066 hosfovor,
1168 2004 1195 2052 in
1205 2004 1261 2054 illos
1272 2002 1360 2053 odium

259 2080 345 2144 quide
354 2081 467 2143 praemiis
475 2095 564 2130 eorum
572 2081 791 2144 quiCaeaarisper-
830 2080 988 2142 concitetur,
1012 2095 1045 2130 au
1073 2080 1159 2144 potius
1181 2079 1208 2128 ln
1232 2079 1360 2128 leomiuum

259 2156 559 2205 cussoresaecunabant:
574 2157 736 2206 ‘Praemium
746 2172 789 2206 ac·
830 2157 942 2207 consiliis
963 2157 1067 2222 aliquod
1085 2156 1117 2206 ud
1136 2157 1187 2206 iata
1203 2163 1360 2206 momentum

259 2230 399 2280 curationis
424 2230 560 2294 pecuniam
585 2230 750 2294 accipiebant
773 2247 790 2281 e
831 2232 874 2282 nit.
1323 2249 1327 2258 ·

259 2305 467 2365 bonlsdamnati,
477 2312 504 2356 at
513 2307 633 2355 honorent
645 2307 791 2369 nuturagia-
863 2308 936 2370 Fato]
953 2308 1021 2360 Pliu.
1032 2310 1050 2360 l.
1061 2321 1151 2360 xxrrr.
1168 2309 1252 2360 ‘Pars
1270 2306 1320 2356 alia
1330 2313 1361 2356 et

261 2389 358 2432 tratura
369 2395 555 2446 quemeumque
567 2382 715 2445 lagerebat:
726 2383 789 2432 item
830 2383 895 2433 bane
907 2385 981 2446 pellit
993 2383 1107 2449 (nempe,
1121 2385 1194 2434 sortis
1203 2382 1361 2442 autfertum

259 2457 548 2507 racadonemrmilitia
566 2458 732 2521 tibilitanis,
745 2473 790 2508 ne·
828 2461 1016 2523 pararnonem)
1038 2469 1156 2525 astroque
1182 2474 1229 2508 suo
1251 2464 1359 2508 euenurs

259 2532 383 2595 potibus?
423 2534 460 2582 Ut
481 2532 620 2582 rideantur
640 2535 704 2596 legis
731 2535 789 2597 ejus
830 2538 953 2602 assignat,
964 2543 992 2586 et
1002 2537 1124 2586 rimcendi
1142 2535 1250 2600 legibue,
1268 2535 1359 2584 semel·

258 2609 350 2660 Pedite
360 2611 480 2674 exemplo
490 2609 611 2660 instituta
628 2612 736 2675 proernia
746 2626 788 2660 ac-
828 2629 877 2677 qne
900 2614 925 2662 in
947 2627 1034 2663 omues
1056 2611 1157 2662 futuros
1177 2623 1289 2676 uuquam
1302 2611 1360 2660 Deo

259 2692 417 2736 euenturum.
828 2686 979 2737 decretum:
998 2687 1024 2734 iu
1044 2687 1171 2751 reliquum
1193 2700 1256 2736 vero
1277 2685 1358 2736 otium

262 2796 268 2804 .
290 2761 427 2810 rabsaris
436 2760 619 2823 adobtioniius]
631 2762 787 2825 Plerumque
828 2762 926 2812 daturin.
953 2761 1051 2812 Sedere
1062 2761 1143 2824 eoepit
1154 2760 1283 2810 seutcatia
1293 2760 1359 2820 bue,

258 2834 336 2896 enim,
347 2848 405 2886 cum
415 2835 469 2896 atii,
479 2841 510 2884 ut
519 2833 619 2884 crudeli
627 2836 738 2899 principi
748 2850 788 2884 aa·
828 2838 976 2903 pariterque
986 2843 1013 2886 et
1022 2837 1152 2888 eruditum
1161 2837 1252 2900 uulgus
1259 2843 1288 2887 et
1295 2834 1359 2886 rude

258 2916 432 2972 tentarentur,
451 2910 549 2960 atrocia
569 2917 597 2960 et
619 2925 686 2960 aava
700 2924 788 2961 σωκ-
827 2913 1009 2964 ineamcursu
1022 2913 1111 2966 radit!
1163 2941 1169 2948 -

259 2992 328 3049 rent,
344 2985 400 3048 ipse
410 2985 558 3035 humaniore
575 2987 705 3035 sententia
723 2985 789 3049 rigo·
860 2989 1019 3053 luceatque]
1034 2990 1128 3039 Senes.
1139 2988 1215 3050 epist
1231 2991 1271 3036 lt.
1293 2987 1359 3036 ‘Sa-

257 3076 313 3111 rem
332 3059 496 3110 decretorum
522 3060 688 3122 temperavit,
710 3060 787 3124 idque
828 3067 901 3129 piem
912 3080 1040 3131 nunqnam
1050 3063 1195 3128 potentium
1205 3062 1257 3110 iras
1269 3075 1360 3123 prono·

258 3137 305 3186 tuli
316 3135 500 3196 moderatione,
509 3142 539 3184 tlt
550 3133 625 3182 timul
637 3140 666 3182 θῑ
676 3135 787 3182 welwi-
827 3139 913 3191 cubit:
936 3141 1013 3188 immo
1033 3136 1184 3196 declinabit,
1208 3149 1260 3185 non
1284 3135 1359 3186 allier

257 3221 311 3264 ute
337 3210 408 3276 apud
433 3209 566 3259 Tiberium
593 3208 712 3271 polleret,
737 3223 786 3262 uec
827 3229 903 3280 quam
914 3215 939 3264 in
951 3212 1099 3278 navigando
1110 3211 1259 3276 procellam.
1292 3210 1359 3261 Cum

228 3313 234 3321 .
258 3297 345 3338 umen
363 3299 423 3334 eam
441 3283 520 3332 nimia
537 3282 661 3333 libertate
675 3281 787 3335 otiando·
829 3296 933 3355 peteres
954 3289 1078 3350 Siciliam,
1097 3287 1224 3352 trajecisti
1243 3285 1358 3348 fretumq

258 3363 308 3414 r'et.
829 3364 1360 3429 temerariusguberuatoreontemuituus·

290 3438 342 3486 ¹12
352 3436 524 3500 munsterus]
557 3437 789 3488 Nonnultauetor
830 3442 863 3494 tri
874 3443 962 3492 minas.
995 3439 1358 3505 llleentenim,qui8iuulum

189 3546 196 3554 -
259 3511 490 3566 exadulationibus
499 3513 606 3566 auorum
614 3512 686 3563 illum
694 3513 790 3578 aliquid
829 3518 936 3583 pelagos
948 3523 1093 3581 exasperet,
1103 3523 1131 3566 et
1142 3516 1253 3566 vertices
1270 3521 1357 3580 cogat.

257 3588 404 3653 gffomme
415 3587 647 3650 boui,sieut,rerbl
656 3589 789 3652 gratimus
830 3595 890 3646 Non
902 3595 1033 3644 sinistrum
1044 3593 1111 3655 petit
1123 3593 1203 3652 littus,
1213 3591 1258 3640 sed
1269 3589 1295 3640 id
1307 3603 1358 3654 quo

257 3664 456 3720 malleatoribus
464 3664 789 3728 boualegeslatuedieun·
830 3669 935 3734 propior
955 3663 1098 3732 Charybdis
1119 3667 1201 3716 maria
1222 3664 1360 3718 convolvit·

257 3759 313 3809 tnr3
333 3745 380 3796 aad
397 3745 455 3794 illas
473 3742 542 3808 ipsas
559 3743 719 3794 editiotiones
729 3760 789 3795 euru
830 3745 867 3796 At
878 3742 1360 3807 ille,cantior,peritualoeorumrogat,

257 3822 399 3888 prudenter
411 3817 531 3882 fregisse,
540 3826 620 3884 atque
634 3819 682 3870 ubi
697 3822 789 3870 crude·
830 3822 874 3886 qui
886 3827 964 3871 natus
975 3820 1018 3882 ait,
1027 3834 1084 3886 qnae
1104 3818 1175 3882 signa
1194 3817 1258 3864 dent
1268 3813 1359 3874 nuber,

258 3901 296 3950 las
312 3895 461 3954 sententiae,
473 3894 507 3944 ab
529 3894 673 3945 bominibus
696 3897 789 3960 prinei·
828 3906 857 3949 et
875 3898 949 3962 louge
969 3895 1003 3946 ab
1024 3895 1069 3945 illa
1086 3894 1199 3957 regione,
1215 3888 1358 3940 uerticibus

259 3989 319 4040 pom
336 3978 382 4024 ast
392 3972 513 4036 sejanum
528 3969 702 4035 dolentibus,
717 3971 788 4023 diee-
827 3972 1049 4036 intentantium
1075 3975 1158 4019 tenet.
1190 3964 1267 4016 ldem
1292 3963 1358 4014 fault

259 4058 411 4110 restauras
421 4047 562 4110 mitigasse.
576 4048 691 4098 Froiaulu
777 4085 781 4094 .
827 4049 945 4114 sapiens:
963 4047 1107 4098 nocituram
1121 4033 1357 4107 potdntiamritat;

291 4132 304 4158 ⁸
314 4125 376 4174 Fato
385 4128 409 4172 st
418 4127 482 4172 sorte
491 4122 611 4184 mnndi]
638 4123 715 4174 Unde
726 4123 787 4174 rnild
826 4125 875 4174 lioc
887 4123 996 4188 primum
1014 4133 1120 4184 careus,
1133 4132 1167 4170 ue
1179 4117 1261 4168 vitare
1271 4115 1358 4168 videa·

259 4197 387 4254 dubitatio
399 4197 491 4260 oritur,
501 4202 587 4248 utrum
598 4196 653 4248 t'ato
664 4198 749 4265 aliquo
759 4206 788 4252 et
827 4201 886 4250 tur.'
