3159 4917
292 351 360 416 746
646 362 679 409 e.
702 352 883 428 coenatu
907 351 1034 432 usurus
1233 355 1280 422 [Α.
1289 356 1399 435 utra.

293 505 398 590 uictor
412 506 559 590 qudem?
573 503 729 578 abolevit,
745 503 795 566 sic
809 503 939 590 partem
954 495 1121 562 memoriae
1145 493 1236 579 apud
1254 497 1397 580 scripto-

292 631 345 675 res
360 611 496 694 retinent
504 610 533 671 l‘l
550 626 655 694 ‚suum
676 606 801 692 ¹eurique
821 599 926 666 decus
949 599 1128 685 posteritas
1141 597 1310 681 rependit:
1333 618 1396 663 nec

293 711 439 788 deerunt,
455 711 484 773 si
500 708 667 794 damnatio
688 705 822 788 ingruit,
837 703 975 786 quinon
989 699 1091 782 modo
1112 698 1225 764 Cassii
1239 705 1274 763 ot
1289 685 1396 777 Bruti,
1466 755 1471 762 .

294 813 468 876 sedetiam
490 804 798 872 mei-meminerint!
842 803 1008 886 Egressus
1030 800 1104 865 dein
1131 801 1270 878 Senatu,
1293 801 1395 867 vitam

294 913 492 980 abstinentia
504 911 639 998 finiritz‘
661 908 764 971 libros
784 925 844 989 pet
864 899 1399 968 AEdiles⁸eremm1doscensuere²

294 1063 365 1118 rant,
373 1051 586 1119 quaemadmodum
594 1049 737 1100 simulacris
746 1048 798 1098 suis
806 1053 991 1112 agnoseunlur,
999 1060 1099 1110 queue
1107 1045 1191 1096 victor
1199 1043 1304 1108 quidem
1312 1048 1398 1094 sustu·

292 1119 340 1168 lit?
354 1120 433 1168 Suam
445 1119 537 1182 cuique
549 1116 656 1179 gloriam
668 1112 784 1162 ret'ernnt
794 1115 901 1176 posteri.
925 1113 960 1162 Et
968 1113 1045 1160 etiam
1053 1111 1113 1160 olim
1123 1116 1208 1171 erunt,
1217 1109 1236 1158 si
1243 1107 1349 1156 exitium
1359 1108 1398 1155 in·

293 1183 452 1247 curabit,qui
473 1195 523 1230 nen
543 1182 625 1228 solum
640 1179 718 1227 Bruti
736 1185 764 1226 et
782 1177 876 1239 Cassii,
887 1176 931 1225 sed
952 1176 1031 1224 etiarn
1048 1175 1130 1224 nostri
1141 1172 1290 1222 mensorium
1303 1171 1398 1220 retine·

295 1247 368 1296 biart.
401 1247 466 1296 Deis
476 1243 662 1306 accersiendo,
672 1250 697 1292 et
708 1243 789 1292 inedie
801 1242 847 1292 siti
865 1246 964 1292 morters
978 1240 1101 1290 mascioit.
1135 1239 1248 1288 Decrevit
1259 1239 1398 1300 matum

326 1473 425 1529 l’tiaras
445 1487 475 1523 se
493 1471 571 1523 sistor
588 1469 694 1535 quidm]
711 1470 754 1519 De
774 1483 826 1534 qua
863 1481 970 1533 quasue
982 1465 1066 1516 victor
1078 1460 1323 1530 quidemabolerll3
1339 1475 1398 1538 parf

294 1561 323 1596 ro
337 1548 374 1596 sic
391 1549 493 1599 Plutar.
510 1548 537 1596 iu
548 1548 648 1596 Bruto:
666 1545 723 1595 ‘At
734 1546 825 1594 Cesar
864 1553 917 1596 tem
937 1545 1021 1605 sliam,
1038 1543 1101 1606 spsd
1111 1541 1248 1604 scriptores,
1260 1538 1305 1587 sed
1317 1538 1399 1588 masi*

293 1625 414 1674 bonorem
425 1624 556 1685 merevin
572 1621 660 1672 stabat
670 1636 734 1670 uero
752 1635 825 1670 anea
863 1635 931 1671 marn
953 1633 1069 1670 servasse
1096 1618 1122 1668 iu
1144 1615 1234 1668 animis
1258 1613 1397 1680 homiuum,

292 1708 376 1751 statua
401 1700 480 1750 Bruti
505 1700 574 1762 apttd
597 1698 774 1748 Mediolanum
797 1697 823 1744 iu
864 1697 908 1762 qni
927 1696 1049 1746 virtutem
1069 1693 1148 1744 etism
1171 1689 1293 1740 afflictam
1310 1688 1396 1739 adhuc

294 1778 380 1828 Gallia
399 1779 536 1842 Cisalpina.
571 1777 720 1826 Hunccam
734 1779 824 1838 postea
864 1772 1078 1833 amant3neeita
1093 1767 1396 1832 morseosgratiseesa·

292 1854 400 1904 vidisset
420 1852 552 1918 Angustus
574 1851 706 1902 lcouieuru
724 1857 752 1900 et
772 1851 824 1898 ele·
863 1847 919 1909 mit,
939 1853 969 1897 ut
990 1861 1041 1895 uon
1062 1847 1142 1894 etiam
1165 1849 1284 1892 amentur
1305 1841 1352 1905 illi,
1368 1847 1397 1890 et

293 1940 385 1994 amtter
395 1929 493 1981 facturn
509 1927 748 1992 adumbratumque,
765 1939 824 1989 per·
864 1923 1075 1975 odiebabeantur
1086 1922 1200 1986 ipsorum
1210 1919 1305 1968 hostes.
1331 1917 1396 1968 Gra-

293 2007 428 2057 trsusivit:
457 2006 518 2056 dein
538 2005 699 2070 paulopost
715 2002 823 2072 gradmu
863 2000 899 2048 lio
918 1999 959 2050 hic
977 1998 1038 2064 poni
1061 1997 1165 2047 videtur
1186 2009 1235 2060 pro
1257 1993 1346 2044 favore
1367 1997 1395 2043 et

293 2082 395 2144 sistam,
421 2079 706 2142 miultis,‚oudisuttbus
738 2077 824 2128 vocari
863 2074 1020 2125 adulatione.
1053 2073 1119 2126 Quis
1130 2073 1244 2122 illustres
1258 2077 1320 2136 post
1328 2085 1396 2120 ntor·

288 2157 370 2218 jussit
393 2156 570 2219 magistratus,
592 2155 710 2219 dixitque
721 2153 822 2214 ,urbem
865 2158 917 2201 leur
929 2151 1007 2214 viros,
1019 2149 1172 2212 contuderit,
1184 2157 1230 2200 aut
1241 2148 1378 2198 aduletur?

292 2232 486 2297 eorum‚lrostili
502 2232 528 2280 in
547 2245 575 2280 se
595 2231 680 2280 animo
696 2236 824 2296 alentem,
896 2234 906 2260 ¹
928 2228 1007 2278 Vitem
1022 2227 1166 2278 aduiuentis
1176 2225 1273 2293 finiuit]
1289 2225 1333 2275 Slc
1350 2225 1395 2276 Se·

293 2309 401 2370 cepisse,
412 2315 509 2372 utque
519 2308 619 2358 bostem
630 2307 823 2357 intuslrsberet.
864 2318 946 2354 uoce:
965 2305 1053 2354 ‘Usus
1072 2305 1161 2368 itaque
1180 2303 1282 2365 balneo,
1299 2309 1326 2352 et
1344 2315 1395 2368 quo

293 2383 335 2443 ld,
346 2389 377 2433 ut
385 2398 432 2448 par
447 2389 498 2446 est,
509 2384 674 2448 magistratus
685 2391 822 2447 negarunt,
864 2381 921 2445 plus
945 2381 1098 2446 imponeret,
1126 2379 1152 2428 in
1180 2379 1327 2430 cubiculum
1354 2391 1394 2439 se,

292 2467 321 2508 et
341 2474 478 2526 quemnam
494 2461 591 2509 bostem
607 2460 764 2522 intelligeret
778 2460 824 2510 du·
864 2457 935 2520 qtrasi
944 2455 1232 2522 gristuturus,eontulit:
1246 2462 1274 2505 et
1283 2453 1394 2503 dimissis

292 2535 452 2599 biterrense
464 2536 572 2587 invicem
582 2535 767 2599 respiciebant.
784 2536 823 2586 At
863 2535 961 2600 pueris,
986 2534 1104 2601 quadarn
1130 2547 1178 2598 per
1194 2532 1342 2593 fenestram,
1365 2539 1395 2581 ut

292 2627 432 2663 conuersus
450 2613 539 2662 Cacsar
561 2613 593 2662 nd
610 2620 722 2662 statuam
737 2612 823 2675 Bruti,
863 2611 995 2661 videretur
1015 2611 1109 2672 edisse,
1131 2609 1248 2674 projecit.
1275 2607 1300 2658 A
1319 2597 1396 2658 coena

291 2695 330 2748 et,
340 2695 477 2739 contracta
488 2688 585 2751 l'ronte,
595 2692 602 2716 ⁴
614 2687 717 2748 nonne,’
729 2688 822 2752 inquit,
863 2685 967 2749 deinde,
985 2686 1058 2751 qussi
1076 2686 1136 2752 (mos
1152 2687 1222 2747 cairo
1238 2683 1357 2734 obtinebat
1367 2685 1396 2733 al

291 2767 361 2816 ‘iste
376 2767 458 2817 bostis
471 2774 513 2816 est
529 2775 627 2828 noster,
639 2766 683 2831 qni
693 2766 734 2813 bic
745 2764 821 2815 stati'
862 2763 888 2810 iu
899 2763 988 2824 muco,
1003 2767 1047 2812 sat
1062 2761 1144 2811 delira
1158 2766 1212 2826 post
1224 2761 1340 2824 balneans,
1350 2761 1395 2811 oli-

290 2841 328 2889 illi
354 2841 438 2891 adbuc
469 2841 550 2904 magis
577 2841 698 2892 exterriti
717 2841 822 2891 siluere.
861 2841 918 2903 qaid
926 2840 1246 2904 nunnamenster
1254 2847 1395 2904 gustareet

290 2915 342 2966 Ille
358 2932 422 2966 vero
440 2916 575 2968 subridens
593 2915 709 2966 laudauit
719 2917 821 2978 Galles,
861 2924 973 2982 gustum,
984 2923 1008 2968 el
1019 2918 1103 2968 deiude
1120 2918 1271 2968 nibilominus
1288 2919 1395 2970 eeaireal

291 3001 414 3058 tauquam
430 2993 518 3043 tirmas
530 3000 558 3043 et
572 3001 730 3055 constantes,
741 2995 821 3043 etiem
861 2997 892 3043 ud
900 2991 1139 3060 legitimomrreuers)
1146 2995 1201 3059 jam
1211 2995 1275 3045 satis
1286 2995 1311 3046 in
1321 2996 1395 3046 cubi·

289 3070 316 3118 iu
327 3070 436 3120 adversa
452 3071 591 3121 amicorum
606 3069 721 3131 fortuna,
732 3075 759 3118 et
768 3077 822 3119 sta·
861 3071 920 3122 culo
935 3071 1040 3134 edisset,
1050 3071 1188 3122 abstinuit:
1205 3072 1338 3138 alteraque
1349 3072 1393 3122 die

290 3144 683 3206 tasminlocomsnerejussit:
788 3177 792 3189 .
861 3144 1142 3196 ettertioidenrfeeit.
1177 3147 1394 3211 Quartoipsalu·

322 3222 454 3273 tPartem
474 3220 594 3269 muorioe
613 3220 677 3282 opud
693 3220 821 3282 scriptores
860 3219 983 3271 firmitate
995 3221 1111 3286 eorporis
1128 3220 1242 3271 faciebat
1259 3222 1392 3274 indicium.

289 3293 420 3358 retinenti]
436 3296 578 3346 arm
594 3295 636 3344 laic
652 3294 753 3359 accipio
772 3311 821 3358 pro
861 3297 972 3352 Corbito
994 3298 1102 3348 consilio
1125 3297 1190 3360 ejus,
1217 3297 1321 3360 publica
1347 3314 1393 3348 ro·

290 3374 468 3424 recordatione
491 3372 614 3436 ipsorum,
626 3379 654 3421 et
665 3388 723 3437 que
740 3371 773 3422 ab
787 3373 820 3422 iis
860 3374 946 3436 luptas
957 3381 1023 3437 erat,
1034 3373 1102 3438 «ruod
1119 3371 1261 3422 elancibas
1278 3373 1394 3424 avidissi·

289 3454 364 3512 gesta
384 3455 462 3498 sunt:
485 3449 525 3498 itu
540 3449 548 3477 ‘
561 3463 655 3514 magua
673 3456 731 3499 erat
749 3449 819 3514 apud
860 3465 958 3506 moritur
980 3450 1100 3515 luporum
1119 3449 1275 3500 educeretur
1291 3450 1392 3514 praeda.

289 3524 413 3588 populum
421 3524 500 3574 Drusi
509 3524 641 3574 memoria’
653 3539 684 3575 u.
696 3529 735 3574 ³³.
747 3541 753 3574 :
770 3524 820 3574 boe
860 3525 1043 3588 Accusatores,
1051 3526 1145 3590 sejano
1164 3533 1282 3590 auctore,
1293 3516 1391 3576 adeunt

262 3668 265 3674 Ι
289 3609 340 3664 est,
362 3602 449 3662 animi,
475 3602 581 3664 ingenii,
610 3610 742 3666 gestorum
764 3603 824 3666 ejus⁸
859 3604 991 3652 consulum
1004 3593 1390 3668 tribunaliatquoruntnrrnori

289 3679 360 3739 leta,
378 3684 407 3728 et
424 3676 561 3740 magnilica
580 3677 743 3728 recordatio:
761 3678 818 3741 ejus
859 3677 982 3740 Cordum,
993 3684 1023 3727 ut
1035 3678 1232 3742 interpellarent
1249 3678 1316 3742 quod
1334 3677 1391 3728 coii-

288 3754 370 3819 igitur
384 3753 568 3804 reeordationis
596 3761 697 3816 partem
724 3755 819 3804 retine·
859 3759 965 3816 gerant3
984 3753 1049 3803 adeo
1065 3753 1116 3803 illis
1138 3739 1395 3804 eordosvtoebatur'

289 3831 350 3880 bant
361 3831 386 3879 iu
397 3830 448 3878 suis
459 3830 622 3893 imaginibus,
632 3830 707 3878 aliern
721 3831 746 3878 iu
766 3845 819 3880 mo·
858 3825 979 3891 effligere.
1003 3828 1102 3894 Magna
1114 3845 1155 3878 res
1166 3831 1259 3880 eratin
1269 3831 1390 3896 quastio-

288 3907 418 3956 numentis
427 3907 593 3970 scriptorum.
627 3907 736 3956 Freiasls.
783 3938 791 3954 .·
858 3918 901 3964 ne,
913 3919 945 3953 au
957 3905 1047 3955 rnortis
1058 3905 1096 3955 rei
1108 3907 1290 3970 perderentur.
1317 3907 1389 3956 Dum

276 3986 299 4032 “,
319 3984 420 4031 Periere
433 3981 562 4044 memmio]
579 3982 703 4032 Dividere
723 3998 818 4034 memo-
857 3981 1026 4046 deliberatur,
1037 3982 1098 4034 dum
1112 3992 1278 4034 accusatores
1294 3985 1388 4034 iterum

288 4056 350 4107 tiam
371 4058 660 4110 summorurnriroruur
681 4059 707 4106 iu
728 4059 817 4121 plures
858 4057 1230 4120 adeunt,illeseabsolverat.’
1290 4101 1293 4106 .
1390 4099 1394 4112 .

288 4137 375 4192 partes
386 4132 497 4196 ridetur,
507 4133 544 4182 ita
553 4141 581 4182 nt
591 4133 703 4196 aliquam
715 4141 817 4196 partein
867 4185 869 4193 ,
889 4135 975 4186 Quem
992 4135 1075 4184 laeum
1087 4149 1119 4184 eo
1131 4133 1254 4186 libentius
1270 4133 1392 4198 ascripsi,

288 4207 356 4256 illius
376 4208 506 4278 retineant
520 4210 728 4274 inimaginibus
756 4211 818 4274 suia,
858 4209 941 4276 utab
963 4210 1189 4280 aliisdeposittuu
1214 4210 1393 4280 emendarem·-
