3159 4917
196 427 329 490 coen]
554 417 771 468 suusutou
785 419 857 467 urs.
882 420 932 467 ιν.
1228 404 1292 470 811

135 621 140 626 .
194 563 253 628 sed
267 566 304 627 in
317 560 453 627 sorrlitls
466 559 624 624 meroede¹
639 561 674 624 id
686 561 854 643 negotium
869 563 1089 644 quaesivisset.
1119 559 1291 628 Atlluxere

195 663 288 730 uvidi
303 665 428 740 lolium,
443 663 650 744 imperitante
663 661 798 726 Tiberio
821 663 938 746 procul
952 661 1178 745 voluptatibus
1198 659 1292 726 hubi·

194 766 231 841 ti,
246 765 341 828 virile
354 783 395 827 uc
409 763 586 827 muliebrol
602 769 727 839 secus,²
737 765 844 827 omnis
856 769 951 840 totus,
962 763 1005 826 ob
1015 763 1292 847 propinquitatem

193 865 261 930 looi
274 865 430 929 eillrsius:
451 863 539 927 unde
563 865 695 945 gravior
708 865 813 947 pestis
834 865 907 941 fuit,
923 863 1068 928 contorta
1089 864 1201 942 mole,⁰
1214 865 1291 928 dein

192 966 363 1042 convulso,
379 966 458 1028 dum
480 966 547 1028 ruit
569 966 669 1041 intus,
686 972 743 1030 eut
764 967 800 1028 in
825 967 990 1031 exteriora
1011 963 1203 1030 effunditur:
1229 967 1291 1030 im·

191 1085 405 1148 mensumque
431 1067 498 1130 vim
526 1067 724 1144 mortalium,
749 1068 944 1152 spectaculo
972 1068 1123 1143 intentos,
1146 1073 1204 1131 out
1231 1066 1289 1150 qui

191 1248 336 1310 suscepisset.
379 1249 525 1322 Cosessm
541 1247 654 1324 undique
674 1249 786 1311 eismdi
805 1249 966 1324 voluptatum
980 1248 1054 1309 sueti,
1074 1243 1169 1322 'liberio
1183 1245 1291 1324 principe

189 1445 214 1487 ct
224 1377 401 1503 ubnpwcisss
408 1412 502 1501 ingruit
512 1440 587 1501 istst,
596 1447 638 1490 est
649 1393 754 1491 exues
762 1413 881 1506 comptu
896 1439 1058 1506 infinitumque
1067 1411 1160 1489 terbum
1170 1438 1289 1488 hominess

651 1565 827 1585 ‘euenum

225 1649 239 1694 1
256 1643 350 1695 Mullet
360 1645 488 1709 Piebens,
496 1647 523 1697 is
532 1648 652 1697 miden
660 1651 796 1699 muers.
824 1649 868 1699 Sic
877 1649 937 1697 olim
949 1647 1073 1711 scriptum
1081 1645 1161 1699 fuisse
1172 1647 1290 1711 probsbi·

188 1707 311 1758 lissimum
324 1709 485 1760 videtne-2
500 1710 543 1760 Ite
552 1713 602 1761 lis.
612 1713 747 1764 Flet-lec.
757 1711 904 1763 Gronovius
916 1721 943 1762 et
954 1713 1121 1761 recentiores.
1144 1711 1288 1775 Perpessus

188 1772 332 1822 Beroslslns
342 1781 371 1823 et
377 1783 489 1838 veteres,
500 1777 738 1825 eiiiiswnsliebris
743 1791 822 1826 sats.
850 1778 934 1829 Quem
944 1777 1024 1826 mults
1031 1775 1192 1839 untiquitstis
1200 1783 1228 1824 et
1236 1777 1288 1824 Ro·

188 1837 373 1898 menelinguae
381 1839 1217 1890 monimentooblitersritbocmanebiieemendsndicacoethes!
1236 1837 1287 1900 bii·

187 1900 256 1950 nitne
277 1908 363 1950 turueu
380 1903 493 1952 insoleus
510 1903 536 1952 id
551 1904 654 1952 dicendi
673 1918 764 1967 genus.
798 1905 841 1953 Sic
860 1905 928 1954 euim
950 1904 1097 1963 Sallustius,
1119 1905 1194 1967 l'rug.
1215 1901 1286 1952 nist.

189 1977 215 2027 p.
234 1969 292 2014 204.
325 1967 444 2028 ‘Magne
465 1967 547 2029 glotis
566 1969 774 2018 concurrentium
792 1967 906 2031 undique
925 1967 998 2017 virile
1015 1974 1044 2016 et
1058 1967 1182 2018 muliebre
1201 1980 1286 2028 secus,

189 2029 300 2092 pervius
321 2045 351 2079 sc
370 2036 442 2080 tecte
458 2033 570 2080 omniunt
582 2032 731 2081 risebstur!
774 2031 862 2081 Livius
874 2033 1028 2082 suntid
1044 2031 1192 2080 Liberorum
1213 2031 1286 2093 cepi·

189 2099 243 2141 tum
254 2093 328 2142 virile
338 2109 414 2144 secus
431 2094 464 2143 sd
480 2095 572 2145 decem
584 2097 664 2146 millis
673 2095 769 2158 cepte!
812 2095 923 2158 ipseque
936 2095 1094 2154 Priscianus,
1104 2108 1130 2143 v.
1143 2094 1176 2142 sle
1187 2095 1288 2158 generi·

186 2155 245 2218 bus,
256 2159 423 2207 aesculinutu
443 2163 525 2208 est-⁴
538 2160 757 2223 Sexus,qussnris
774 2158 884 2208 Plautus
904 2167 932 2207 et
950 2159 998 2208 hoe
1019 2171 1105 2216 sexus,
1124 2157 1200 2221 bujus
1220 2157 1286 2218 sexi,

187 2226 281 2270 neutro
299 2236 396 2284 genere
412 2223 520 2284 protudit
537 2226 564 2272 iu
582 2224 719 2273 Rudente:
752 2223 836 2272 ttrite
853 2237 929 2272 sexus
946 2236 1074 2286 nunqusur
1092 2222 1171 2270 ullum
1190 2221 1286 2284 habui:

188 2281 232 2332 lte
241 2284 300 2333 libri
312 2285 386 2347 editi,
403 2293 431 2335 et
441 2287 633 2350 antiquissimus
644 2294 732 2336 noster
742 2287 794 2335 Ms.
808 2285 897 2336 Codex
910 2286 1048 2336 Prisciani.
1066 2285 1174 2334 Brotier.
1212 2285 1287 2336 ttrite

188 2362 217 2396 uc
225 2348 415 2398 muliebrem
431 2357 544 2399 testetur
554 2365 612 2400 esse
623 2351 648 2399 in
660 2352 712 2398 Me.
724 2351 800 2399 unico
811 2350 942 2400 Piolteus:
960 2351 1036 2399 etsie
1053 2350 1147 2399 iterum
1158 2349 1193 2400 H.
1207 2363 1232 2398 v.
1245 2353 1287 2399 ts.

190 2411 339 2463 Priscianus
351 2415 369 2462 l.
381 2427 408 2464 v.
423 2414 430 2440 ‘
444 2414 553 2463 Plautus
569 2415 618 2463 boc
635 2428 720 2475 sexus,
737 2414 813 2475 lurjus
829 2415 894 2475 sexi,
911 2420 1002 2462 neutro
1019 2427 1115 2476 genere
1133 2412 1242 2477 protulit
1258 2411 1285 2464 ln
1395 2463 1400 2476 ,

190 2475 311 2526 Rudente
321 2494 328 2526 s
345 2477 428 2526 virile
438 2491 514 2527 sexus
525 2492 656 2542 nunquam
668 2478 747 2526 ullum
756 2478 835 2525 hebui
845 2479 861 2526 :’
877 2485 905 2525 et
916 2478 953 2526 its
972 2479 1058 2526 locunt
1074 2477 1163 2525 Plauti
1182 2477 1208 2525 iu
1220 2477 1285 2526 Mse.

188 2539 255 2588 Pell.
264 2539 323 2604 legi
335 2548 464 2590 testentur
473 2542 555 2591 docti.
587 2542 653 2591 Sus
661 2555 763 2605 quoqu
771 2541 841 2588 uirile
852 2540 902 2590 diei
921 2539 1038 2602 Scaliger
1049 2545 1078 2588 et
1089 2541 1132 2588 elii
1142 2546 1285 2616 peterere:

189 2603 222 2652 ‹le
233 2619 285 2666 quo
296 2604 422 2654 videndus
434 2605 498 2654 Ger.
510 2605 618 2656 Vossius
629 2607 645 2654 l.
654 2619 674 2655 r.
684 2605 718 2654 de
728 2605 803 2653 Anni.
815 2620 839 2654 o
849 2609 889 2654 tl.
901 2609 929 2652 et
937 2603 955 2652 l.
965 2617 995 2653 n.
1008 2619 1032 2654 c.
1042 2607 1080 2652 ll.
1114 2603 1285 2652 Nihilominus

187 2669 214 2718 J.
226 2669 257 2716 F.
269 2668 415 2718 Gronovius
427 2684 477 2718 nou
488 2670 599 2732 dubius,
610 2670 671 2734 quin
682 2669 819 2734 utrobique
831 2667 900 2732 spud
908 2667 1025 2716 heitom
1036 2665 1208 2729 scribendum,
1217 2666 1286 2716 uirile

187 2747 216 2779 sc
226 2731 335 2781 muliebre
348 2747 428 2782 seces:
447 2740 501 2782 tum
517 2748 586 2798 sepe
606 2733 676 2796 sputi
698 2733 761 2782 ulios
784 2740 937 2796 corruptum
957 2731 1006 2780 boc
1023 2730 1178 2782 vocabulum
1200 2737 1285 2794 putet.

187 2795 255 2846 Vide
263 2811 323 2846 enm
332 2797 366 2845 ud
378 2797 445 2846 Livii
457 2797 474 2846 l.
482 2809 560 2848 ms.
569 2813 594 2848 c.
603 2802 644 2848 47.
669 2797 785 2861 Rsslsiss.

682 2907 792 2959 NOTAE

187 3037 238 3072 non
250 3034 297 3086 per
308 3019 492 3072 sbundsutiem
503 3022 660 3084 divitiarum,
671 3035 716 3072 ne·
754 3009 885 3086 unuqusm
911 3018 1003 3071 hebuit
1030 3017 1127 3070 ullum!
1176 3019 1284 3070 Tscitus

185 3098 715 3165 quebouorumlumuniclpiosuoetlipis-
755 3097 869 3160 scripsit,
878 3097 1188 3147 uirilsseutsliebreseess.
1217 3096 1284 3146 Vide

185 3175 325 3226 ceorlorum
344 3177 438 3241 gretie,
455 3176 558 3241 plebem
576 3176 715 3240 lsrgltioue
755 3175 788 3225 etl
800 3175 901 3226 Livium
914 3187 991 3226 nrt.
1002 3177 1043 3225 tr.
1062 3175 1202 3226 Grosoutss.

185 3250 377 3315 ewcilistume,
395 3253 440 3302 sed
459 3260 560 3304 tentum
580 3253 615 3303 ob
632 3253 714 3303 sordi·
785 3249 1021 3314 monterutrulo]
1047 3249 1193 3300 AEdiiicium
1219 3249 1283 3300 illud

185 3325 246 3374 dum
262 3335 386 3390 questum
397 3335 554 3378 structurum
567 3329 642 3380 istius
652 3343 714 3394 ope·
753 3333 827 3377 teuto
846 3328 919 3377 oneri
941 3325 1048 3376 terendo
1072 3327 1153 3390 imper
1175 3330 1283 3390 repente

186 3400 220 3448 ris
230 3400 257 3447 in
267 3415 295 3448 se
306 3409 452 3464 receperat.
753 3403 905 3453 dissolutum
923 3410 972 3466 est,
982 3403 1087 3467 lateque
1107 3417 1194 3466 speres
1209 3401 1283 3453 ruins

219 3477 299 3524 Forte
309 3491 342 3524 ex
360 3477 424 3526 locis
434 3484 462 3527 et
479 3479 582 3530 sedibus
594 3487 714 3543 specten-
752 3481 874 3547 (nemque
895 3495 956 3544 pers
983 3482 1051 3530 intus
1075 3481 1190 3546 collapsa
1215 3487 1282 3542 erst',

187 3549 250 3599 tium
268 3553 414 3601 mercedem
433 3555 544 3620 sliqusm
563 3557 651 3619 uilem,
667 3571 713 3606 seu
754 3572 814 3622 pers
836 3558 862 3607 iu
880 3559 1009 3608 exteriore
1030 3556 1224 3623 procubuerat),
1236 3557 1282 3606 im·

186 3627 274 3688 bucer,
296 3627 419 3691 csptsbst
453 3629 557 3681 Atilius.
604 3631 714 3681 Tslibus
753 3634 1007 3684 menssmburnluuru
1023 3634 1213 3686 multitudinem
1225 3647 1283 3696 per·

185 3703 342 3767 spectaculis
361 3704 443 3755 dediti
464 3721 566 3770 prorsus
593 3709 714 3758 mortales
753 3713 800 3760 tim
828 3713 978 3774 spectsculo
1000 3712 1127 3760 intentum
1152 3708 1282 3773 praecipiti

185 3778 307 3828 horumce
319 3786 474 3842 temporum,
493 3784 531 3832 its
541 3790 570 3833 ut
581 3783 614 3832 sul
625 3792 714 3849 portes
753 3800 814 3836 essu
825 3785 927 3849 afflixit,
939 3787 1033 3850 pertiru
1043 3787 1115 3835 circs
1125 3784 1281 3847 smpbitbes·

184 3854 297 3904 omnium
306 3854 441 3906 cisitstum
452 3856 538 3912 Iteli'se
554 3865 655 3908 structe
675 3873 714 3909 es·
753 3869 822 3910 trum
840 3861 1019 3911 obversentem
1036 3858 1175 3923 improvise
1194 3855 1281 3920 etrege

182 3931 598 3996 seutsmpbitbestruetquislem
613 3948 713 3984 mensu·
752 3936 840 3986 obruit
851 3935 1040 3999 oppressitque.
1059 3933 1240 3982 Freinsbeus'ss.

137 4011 142 4019 ’
185 4019 223 4069 re,
233 4012 262 4056 ut
273 4005 402 4058 sumtibus
411 4023 484 4058 uorse
493 4008 643 4058 structionis
654 4023 713 4073 per·
787 4009 902 4070 essperia
912 4009 982 4072 mole]
998 4010 1079 4058 Simul
1096 4017 1122 4056 et
1137 4007 1280 4074 ‹lereperue

185 4091 297 4134 teretur.
753 4092 811 4136 tote
824 4084 905 4134 moles
923 4083 1058 4134 confertim
1070 4083 1131 4146 ruit,
1141 4083 1201 4133 dein
1221 4099 1281 4134 con·

217 4166 229 4190 ¹
249 4159 325 4211 Visite
346 4175 374 4209 uc
393 4160 505 4212 nsiiebre
522 4157 599 4221 uass]
629 4159 715 4222 Vulgo
753 4161 858 4210 vellitur
868 4159 973 4224 proprio
992 4159 1151 4225 ponderent
1164 4171 1211 4224 per
1219 4173 1279 4226 per·

184 4247 262 4285 saus.
287 4233 427 4287 Sicl'lsut.
438 4231 507 4288 nnc.
523 4234 621 4287 ‘virile
636 4249 715 4286 sexus
753 4243 794 4289 tes
804 4235 975 4300 sbresupitur.
