3159 4917
179 412 486 493 [t‚u,s'es.t,c,ar.]
550 406 555 415 ’
606 402 811 471 annalium
838 409 982 474 utm'rv.
1215 413 1284 480 809

182 566 355 644 Haterius,
380 567 509 632 familia
531 567 709 643 senatoria,
729 567 942 651 eloquentiae,
959 573 1071 654 quoad
1084 573 1180 652 uixit,
1194 575 1280 640 cele-

180 666 322 734 motez*
341 671 551 757 monumenta
563 669 703 750 iugenii‘
716 669 790 753 ejus
815 669 904 734 haud
928 673 1065 755 perinde
1088 675 1278 740 retinentur.

181 767 318 836 Soilicet
339 771 466 854 impetu
489 773 607 854 magis,
620 789 722 854 quam
742 791 823 835 cura
842 773 993 854 vigebat:
1015 779 1116 857 utque
1137 772 1290 840 eliorum'

179 870 350 936 meditatio
361 878 396 937 et
408 873 502 937 labor
516 873 549 936 in
562 877 732 955 posterum
742 871 960 953 'valescitfsio
973 875 1104 941 Haterii
1120 895 1280 942 conomm

179 968 280 1036 illude
291 979 326 1037 et
336 973 506 1055 profluens
521 993 598 1037 cum
610 975 688 1057 ipso
700 975 800 1038 simul
816 976 997 1042 extinctum
1011 976 1086 1044 eet.h

195 1073 278 1166 112.
301 1073 351 1139 Μ.
371 1075 512 1156 Licinio,
534 1074 574 1138 L.
589 1074 771 1158 calpurnio
797 1075 895 1141 Coss.
919 1079 1095 1162 ingentium
1119 1081 1280 1146 bellorum

183 1173 324 1240 cladem¹
336 1179 484 1262 aequavit
503 1178 628 1242 malum
649 1178 885 1262 improvisum:
908 1179 982 1266 ejus
996 1181 1121 1246 initium
1137 1181 1235 1246 sirnol
1249 1187 1283 1246 et

182 1341 667 1405 componascomnponas
678 1341 776 1405 stanit,
789 1341 1093 1407 toamnasarim
1107 1355 1148 1392 sca
1166 1343 1287 1392 motioaee

182 1403 411 1519 iduma
421 1406 576 1455 celebrantur.
609 1405 678 1456 Quia
686 1405 797 1456 dodun
809 1405 850 1456 ilie
863 1407 973 1456 aioieatic
990 1408 1108 1472 precipiti
1117 1408 1202 1468 mogh,
1212 1421 1282 1470 qaam

182 1471 248 1516 certa
366 1470 372 1482 '
402 1475 467 1520 caat
481 1469 634 1519 meditatione
648 1470 807 1532 prepollebat
841 1471 875 1519 Ei
886 1475 914 1518 at
923 1471 1023 1520 clienta
1033 1471 1111 1520 stadio
1122 1476 1280 1521 monumento-

182 1531 334 1607 qaeiageaii
350 1533 501 1592 infestarum
518 1535 609 1608 erigeret,
624 1535 759 1609 itacontra
773 1533 871 1610 liderit'
880 1534 1036 1594 morisim
1051 1535 1093 1583 itta
1110 1535 1238 1585 modulatio
1258 1539 1283 1584 ci

183 1597 369 1722 witichis,
422 1597 550 1736 w
559 1601 936 1725 aewfmmffcidit,
943 1675 996 1724 qao
1007 1661 1165 1710 matam
1173 1661 1285 1711 &msera

183 1723 420 1788 Μωαηκυῆς
435 1730 460 1776 et
473 1724 771 1791 afflmjiaitaqaaea
784 1725 919 1775 miersitaa
953 1725 1283 1790 daippqstncmopoaft

673 1869 786 1924 NOTAE

184 1977 300 2041 plurimis
309 1979 326 2029 :’
341 1983 714 2048 uamptarimosamrerboma·
753 1981 940 2045 est,haberlet
952 1982 1086 2031 aestimari.
1112 1982 1218 2031 lidori.
1238 1986 1242 1995 “

183 2054 202 2102 ii
219 2053 404 2121 significantur,
421 2069 528 2110 auctore
539 2058 714 2119 Nonium·
786 2055 798 2089 ¹
815 2057 929 2121 Voleucit]
944 2058 1018 2107 Sicut
1034 2056 1109 2105 labor
1127 2055 1232 2106 allorum
1256 2059 1291 2107 et·

184 2131 258 2181 cello.
275 2129 406 2185 Ferrcttas.
754 2130 888 2198 diligentia
908 2141 1025 2196 tempore
1045 2131 1100 2196 lpso
1118 2131 1236 2196 valescit,
1247 2139 1286 2182 at·

217 2207 326 2271 miae]
343 2209 370 2258 ls
381 2209 515 2260 tidentiam
534 2210 611 2260 auiml
630 2215 659 2258 et
676 2208 715 2259 ia·
754 2222 806 2274 que
816 2211 913 2273 majore
925 2207 1015 2258 indies
1028 2207 1111 2271 pretio
1123 2207 1286 2258 commenda·

185 2280 305 2332 sttudiam
327 2285 368 2332 ari
390 2286 514 2334 Pollionis
536 2286 654 2345 retinuit,
671 2285 715 2349 qui
755 2292 814 2346 tor;
837 2285 904 2335 sice
923 2288 1014 2334 contra
1036 2283 1118 2333 omnis
1139 2283 1183 2332 ille
1206 2285 1287 2334 decor

185 2353 330 2420 linguatum
349 2359 421 2424 sequi
439 2361 524 2410 uoluit
538 2360 609 2409 bello
624 2367 716 2410 contra
755 2370 865 2424 promte
878 2360 1040 2423 elocutionis,
1056 2367 1084 2409 et
1105 2371 1203 2410 amoeua
1214 2361 1286 2411 vocis

185 2434 335 2499 Antonium,
356 2448 415 2486 com
435 2431 493 2486 tota
514 2435 591 2486 ltalia
609 2434 715 2486 sedibus
755 2435 905 2498 modulatio,
922 2433 1013 2500 qulbus
1034 2433 1139 2485 Haterii
1157 2435 1285 2486 orationes

185 2508 323 2562 excitetur.
755 2511 905 2574 placebant,
919 2516 977 2559 conr
994 2512 1049 2574 ipse
1070 2510 1237 2574 declamaret,
1254 2511 1287 2562 sl·

217 2583 279 2642 10.
291 2585 565 2650 flammescentes
583 2585 717 2650 anam]
755 2587 808 2636 mul
831 2599 889 2636 eom
912 2587 968 2650 ipso
988 2599 1035 2636 suo
1052 2591 1158 2636 auctore
1178 2596 1291 2636 estune-¹

184 2659 259 2710 Inter
275 2662 463 2712 declamatores
479 2669 600 2712 recenset
615 2662 716 2712 Seneca
755 2667 825 2711 runt.

185 2741 270 2800 pater,
278 2737 410 2804 lnnrltque
418 2737 526 2789 eandem
536 2743 715 2802 uotam,quam
788 2743 801 2780 ⁸
818 2735 918 2786 Haterii
929 2733 1122 2800 mammistid]
1137 2735 1209 2786 Talis
1219 2732 1286 2787 llor-

185 2813 227 2862 hie
245 2811 364 2863 Tacitus.
391 2817 400 2843 ⁴
412 2815 446 2866 Q.
459 2813 603 2875 Haterius,'
621 2813 716 2878 inquit,
756 2813 840 2864 tensio
851 2821 879 2866 et
891 2814 1041 2864 Callistrato
1053 2808 1115 2876 λέξις
1125 2813 1237 2878 γραφικὴ,
1249 2813 1290 2864 aci

184 2887 401 2952 ‘pulcherrimam
411 2885 644 2952 imaginemmovit.
660 2889 717 2939 oo-
756 2889 819 2953 λέεις
838 2889 987 2954 sycomori·
1006 2897 1033 2940 et
1050 2889 1185 2940 Aristotel.
1207 2892 1225 2940 l.
1244 2903 1288 2941 ur.

184 2965 226 3029 pit
245 2966 314 3014 e'ultn
337 2965 425 3015 subito
447 2979 498 3030 quo
518 2964 619 3013 solebat
640 2977 717 3014 cursu
757 2967 892 3018 Rhetorlc.
914 2967 990 3017 lianc
1010 2966 1121 3025 λεκτιιὴν
1139 2973 1218 3017 vocat
1236 2967 1289 3016 De·

185 3039 307 3090 oradonls
329 3039 460 3103 scribere,'
470 3039 587 3107 (sellem,
602 3041 718 3090 domim-
756 3045 903 3094 mostheaes
914 3043 940 3092 iu
951 3043 1067 3093 Erotico.
1085 3043 1203 3092 Martae.

184 3113 249 3180 re‚)‘
262 3115 334 3181 quisi
353 3111 490 3165 exaudiret
501 3115 613 3178 aliquem
625 3115 718 3164 tumul·
788 3117 801 3152 ¹¹
819 3119 961 3169 Extinctam
982 3117 1028 3181 est]
1045 3119 1137 3182 Neque
1156 3117 1223 3166 enim
1245 3117 1289 3170 ille
1377 3119 1384 3132 ”

185 3200 251 3254 tum,
262 3193 358 3242 vastari
379 3192 507 3242 omnint
525 3189 718 3256 repittmnbtff
757 3197 879 3262 impetus,
899 3207 983 3261 neque
1006 3206 1128 3244 canorum
1149 3193 1224 3256 illud,
1240 3207 1289 3244 uec

186 3266 408 3329 incendiisvlllas,
428 3265 503 3330 iuges
523 3267 673 3339 agrestium,
690 3273 719 3316 et
759 3271 893 3322 affluentia
916 3277 961 3321 ant
981 3269 1106 3335 tepiditas
1127 3270 1291 3335 eloquentiae,

186 3353 246 3388 cam
256 3341 340 3392 omula
350 3342 484 3406 implesset
495 3349 605 3404 terrore,
613 3341 719 3408 adjecit,
759 3363 816 3413 quae
835 3349 861 3398 in
879 3347 935 3411 ipsa
946 3347 1132 3397 declamatione
1143 3347 1241 3411 placet,
1251 3363 1290 3397 ra-

188 3411 259 3465 dard
278 3417 433 3467 exhorruisti
456 3419 622 3469 adolescens?
646 3433 721 3470 socer
758 3426 851 3489 pitque
871 3424 1115 3487 animos,ullntcnus
1134 3421 1291 3474 transfundi·

190 3499 249 3538 tuos
259 3491 349 3540 renit'
371 3492 413 3541 De
424 3493 514 3542 eodem
528 3495 633 3544 homine
643 3495 718 3545 sitio·
759 3507 803 3549 tur
813 3499 841 3548 in
857 3499 936 3549 libros
948 3505 993 3548 aar
1005 3499 1111 3564 scripta,
1131 3512 1181 3548 non
1193 3501 1292 3550 tramit·

189 3578 239 3628 que
258 3561 335 3629 illine,
346 3569 424 3630 epist.
435 3569 475 3616 to.
489 3568 498 3595 ‘
510 3569 577 3618 Nam
589 3569 622 3620 Q.
635 3564 719 3619 Hate-
759 3576 823 3627 titur
835 3576 867 3626 ad
885 3580 1002 3640 posteros
1013 3589 1020 3636 3
1038 3574 1083 3623 sed
1104 3581 1132 3623 ut
1143 3589 1192 3623 vox
1207 3575 1291 3624 inanis

188 3639 220 3688 rii
240 3648 343 3689 cumam
361 3643 413 3690 sols
430 3642 589 3708 temporibus
609 3647 719 3696 oratoris
759 3657 788 3701 et
813 3645 944 3716 'nunquam
967 3661 1101 3699 reversura
1123 3651 1175 3699 cito
1202 3657 1291 3700 teones

188 3713 359 3778 celeberrimi,
369 3717 445 3782 louge
462 3720 552 3770 abesse
571 3722 605 3770 ab
616 3723 719 3772 bomine
759 3729 875 3777 vanescit
886 3725 912 3775 in
925 3739 1016 3775 auras:
1034 3733 1094 3774 suut
1105 3723 1161 3774 iere
1177 3725 1239 3774 talla
1250 3737 1292 3774 sa·

188 3790 338 3841 eauovoio!
363 3793 654 3858 Elegansinhancrcm
666 3797 719 3848 Au·
758 3805 924 3864 gemmatos.
1069 3855 1072 3860 ,

188 3868 257 3932 gnati
271 3869 514 3935 Jocos‚‘liaterius
532 3879 621 3924 noster
636 3873 721 3926 sotha-
792 3875 954 3939 'ingentium
974 3875 1084 3924 &limiti
1106 3873 1206 3939 11119111]
1233 3875 1292 3925 ΕῙΕ·

189 3945 322 3996 mirandus
331 3947 390 3999 cst!
761 3957 854 4017 gauter
863 3952 924 4000 talia
935 3949 1060 3999 describit
1070 3949 1137 3999 Plin.
1147 3961 1245 4000 xxxtr.
1252 3953 1293 4001 lt.

195 4034 199 4041 '
220 4028 231 4054 ⁸
251 4020 403 4074 Mmmeata
420 4023 525 4089 tageni]
546 4025 653 4077 Tacitus
671 4040 721 4077 non
761 4028 795 4076 de
806 4026 836 4075 C.
847 4025 960 4076 Curione
972 4025 1014 4086 qni
1033 4023 1100 4073 bello
1110 4023 1179 4072 civili
1198 4025 1292 4087 periit:

191 4097 235 4161 ait,
245 4099 316 4148 uude
326 4113 384 4150 eom
395 4099 493 4165 ingenii
504 4107 672 4154 monomenta
682 4119 722 4153 re·
762 4103 770 4134 ⁶
782 4105 920 4154 Postremo
937 4103 992 4168 jam
1009 4102 1052 4151 dle
1075 4101 1292 4155 descendentibus

190 4175 302 4239 liquisse,
325 4191 414 4228 veram
435 4195 468 4229 ea
494 4195 546 4230 non
575 4194 622 4245 pro
644 4179 723 4244 foma,
762 4177 1040 4243 tabuiis,etcordibus
1059 4177 1293 4230 intersccoiunti-

192 4264 268 4313 quom
281 4253 353 4305 risus
363 4253 523 4323 obtinuerat,
534 4257 657 4321 retineri,
674 4259 722 4310 boc
761 4255 820 4320 bos,
831 4252 947 4306 iaciebat
963 4253 1189 4320 amphitheatrum,
1201 4261 1228 4305 et
1240 4255 1293 4321 gla-
