<?xml version="1.0" encoding="UTF-8"?>
<!DOCTYPE html PUBLIC "-//W3C//DTD XHTML 1.0 Transitional//EN"
    "http://www.w3.org/TR/xhtml1/DTD/xhtml1-transitional.dtd">
<html xmlns="http://www.w3.org/1999/xhtml" xml:lang="en" lang="en">
 <head>
  <title>
</title>
<meta http-equiv="Content-Type" content="text/html;charset=utf-8" />
  <meta name='ocr-system' content='tesseract 3.04.00' />
  <meta name='ocr-capabilities' content='ocr_page ocr_carea ocr_par ocr_line ocrx_word'/>
</head>
<body>
  <div class='ocr_page' id='page_1' title='image "./operaomnia02tacigoog_0176.png"; bbox 0 0 3159 4917; ppageno 0'>
   <div class='ocr_carea' id='block_1_1' title="bbox 245 375 1352 455">
    <p class='ocr_par' dir='ltr' id='par_1_1' title="bbox 245 375 1352 455">
     <span class='ocr_line' id='line_1_1' title="bbox 245 375 1352 455; baseline 0.012 -24"><span class='ocrx_word' id='word_1_1' title='bbox 245 375 314 443; x_wconf 74' lang='grc'><strong>696</strong></span> <span class='ocrx_word' id='word_1_2' title='bbox 603 383 842 435; x_wconf 83' lang='lat' dir='ltr'><strong>c.oonuan11</strong></span> <span class='ocrx_word' id='word_1_3' title='bbox 867 382 994 433; x_wconf 75' lang='lat' dir='ltr'><strong>nactur</strong></span> <span class='ocrx_word' id='word_1_4' title='bbox 1193 388 1352 455; x_wconf 62' lang='lat' dir='ltr'><strong>[sums.</strong></span> 
     </span>
    </p>
   </div>
   <div class='ocr_carea' id='block_1_2' title="bbox 154 529 1356 1226">
    <p class='ocr_par' dir='ltr' id='par_1_2' title="bbox 154 529 1356 1226">
     <span class='ocr_line' id='line_1_2' title="bbox 247 529 1356 618; baseline -0.004 -15"><span class='ocrx_word' id='word_1_5' title='bbox 247 552 399 603; x_wconf 72' lang='lat' dir='ltr'><strong>merere:</strong></span> <span class='ocrx_word' id='word_1_6' title='bbox 422 532 512 618; x_wconf 89' lang='lat' dir='ltr'><strong>apud</strong></span> <span class='ocrx_word' id='word_1_7' title='bbox 524 551 609 617; x_wconf 86' lang='lat' dir='ltr'><strong>quos</strong></span> <span class='ocrx_word' id='word_1_8' title='bbox 623 532 724 599; x_wconf 86' lang='lat' dir='ltr'><strong>etiam</strong></span> <span class='ocrx_word' id='word_1_9' title='bbox 739 536 812 596; x_wconf 90' lang='lat' dir='ltr'><strong>tum</strong></span> <span class='ocrx_word' id='word_1_10' title='bbox 823 534 944 595; x_wconf 83' lang='lat' dir='ltr'><strong>cuncta</strong></span> <span class='ocrx_word' id='word_1_11' title='bbox 966 529 1200 611; x_wconf 75' lang='lat' dir='ltr'><strong>tractabantur,</strong></span> <span class='ocrx_word' id='word_1_12' title='bbox 1216 532 1301 599; x_wconf 86' lang='lat' dir='ltr'><strong>adeo</strong></span> <span class='ocrx_word' id='word_1_13' title='bbox 1315 539 1356 599; x_wconf 91' lang='lat' dir='ltr'><strong>ut</strong></span> 
     </span>
     <span class='ocr_line' id='line_1_3' title="bbox 247 631 1351 717; baseline -0.004 -14"><span class='ocrx_word' id='word_1_14' title='bbox 247 638 447 703; x_wconf 78' lang='lat' dir='ltr'><strong>Procurator</strong></span> <span class='ocrx_word' id='word_1_15' title='bbox 472 634 581 712; x_wconf 81' lang='lat' dir='ltr'><strong>Asiae,</strong></span> <span class='ocrx_word' id='word_1_16' title='bbox 609 632 760 701; x_wconf 88' lang='lat' dir='ltr'><strong>Lucilius</strong></span> <span class='ocrx_word' id='word_1_17' title='bbox 792 631 926 716; x_wconf 85' lang='lat' dir='ltr'><strong>Capito,</strong></span> <span class='ocrx_word' id='word_1_18' title='bbox 956 637 1135 697; x_wconf 74' lang='lat' dir='ltr'><strong>accusante</strong></span> <span class='ocrx_word' id='word_1_19' title='bbox 1163 634 1351 717; x_wconf 89' lang='lat' dir='ltr'><strong>provincia,</strong></span> 
     </span>
     <span class='ocr_line' id='line_1_4' title="bbox 245 732 1353 818; baseline -0.003 -16"><span class='ocrx_word' id='word_1_20' title='bbox 245 757 386 802; x_wconf 86' lang='lat' dir='ltr'><strong>causam</strong></span> <span class='ocrx_word' id='word_1_21' title='bbox 407 737 539 814; x_wconf 80' lang='lat' dir='ltr'><strong>dixerit,</strong></span> <span class='ocrx_word' id='word_1_22' title='bbox 552 754 673 818; x_wconf 85' lang='lat' dir='ltr'><strong>magna</strong></span> <span class='ocrx_word' id='word_1_23' title='bbox 696 754 773 798; x_wconf 90' lang='lat' dir='ltr'><strong>cum</strong></span> <span class='ocrx_word' id='word_1_24' title='bbox 796 732 1050 797; x_wconf 67' lang='lat' dir='ltr'><strong>asseveratione:</strong></span> <span class='ocrx_word' id='word_1_25' title='bbox 1064 732 1245 817; x_wconf 85' lang='lat' dir='ltr'><strong>Principis,</strong></span> <span class='ocrx_word' id='word_1_26' title='bbox 1261 738 1271 769; x_wconf 89' lang='lat'>‘</span> <span class='ocrx_word' id='word_1_27' title='bbox 1285 754 1353 799; x_wconf 91' lang='lat' dir='ltr'><strong>non</strong></span> 
     </span>
     <span class='ocr_line' id='line_1_5' title="bbox 246 835 1353 923; baseline -0.002 -20"><span class='ocrx_word' id='word_1_28' title='bbox 246 859 284 903; x_wconf 89' lang='lat' dir='ltr'><strong>se</strong></span> <span class='ocrx_word' id='word_1_29' title='bbox 293 840 364 923; x_wconf 91' lang='lat' dir='ltr'><strong>jus,</strong></span> <span class='ocrx_word' id='word_1_30' title='bbox 379 839 444 902; x_wconf 91' lang='lat' dir='ltr'><strong>nisi</strong></span> <span class='ocrx_word' id='word_1_31' title='bbox 456 839 492 902; x_wconf 92' lang='lat' dir='ltr'><strong>iu</strong></span> <span class='ocrx_word' id='word_1_32' title='bbox 504 838 641 903; x_wconf 83' lang='lat' dir='ltr'><strong>servitia</strong></span> <span class='ocrx_word' id='word_1_33' title='bbox 655 843 690 901; x_wconf 88' lang='lat' dir='ltr'><strong>et</strong></span> <span class='ocrx_word' id='word_1_34' title='bbox 705 837 867 920; x_wconf 87' lang='lat' dir='ltr'><strong>pecunias</strong></span> <span class='ocrx_word' id='word_1_35' title='bbox 881 836 1075 913; x_wconf 81' lang='lat' dir='ltr'><strong>familiares,</strong></span> <span class='ocrx_word' id='word_1_36' title='bbox 1091 835 1238 900; x_wconf 80' lang='lat' dir='ltr'><strong>dedisse:</strong></span> <span class='ocrx_word' id='word_1_37' title='bbox 1261 836 1353 919; x_wconf 91' lang='lat' dir='ltr'><strong>quod</strong></span> 
     </span>
     <span class='ocr_line' id='line_1_6' title="bbox 154 936 1352 1026; baseline -0.006 -19"><span class='ocrx_word' id='word_1_38' title='bbox 154 993 158 999; x_wconf 85' lang='lat'>.</span> <span class='ocrx_word' id='word_1_39' title='bbox 246 943 276 1026; x_wconf 84' lang='lat' dir='ltr'><strong>ai</strong></span> <span class='ocrx_word' id='word_1_40' title='bbox 290 944 357 1006; x_wconf 89' lang='lat' dir='ltr'><strong>vim</strong></span> <span class='ocrx_word' id='word_1_41' title='bbox 369 942 527 1006; x_wconf 87' lang='lat' dir='ltr'><strong>Praetoris</strong></span> <span class='ocrx_word' id='word_1_42' title='bbox 541 944 747 1023; x_wconf 85' lang='lat' dir='ltr'><strong>usurpasset,</strong></span> <span class='ocrx_word' id='word_1_43' title='bbox 759 940 980 1021; x_wconf 88' lang='lat' dir='ltr'><strong>manibusque</strong></span> <span class='ocrx_word' id='word_1_44' title='bbox 989 938 1134 1002; x_wconf 90' lang='lat' dir='ltr'><strong>militum</strong></span> <span class='ocrx_word' id='word_1_45' title='bbox 1145 956 1225 1001; x_wconf 88' lang='lat' dir='ltr'><strong>usus</strong></span> <span class='ocrx_word' id='word_1_46' title='bbox 1241 936 1352 1017; x_wconf 78' lang='lat' dir='ltr'><strong>soret,b</strong></span> 
     </span>
     <span class='ocr_line' id='line_1_7' title="bbox 246 1037 1350 1125; baseline -0.004 -19"><span class='ocrx_word' id='word_1_47' title='bbox 246 1049 358 1125; x_wconf 82' lang='lat' dir='ltr'><strong>spreta</strong></span> <span class='ocrx_word' id='word_1_48' title='bbox 371 1044 406 1105; x_wconf 93' lang='lat' dir='ltr'><strong>in</strong></span> <span class='ocrx_word' id='word_1_49' title='bbox 421 1060 462 1104; x_wconf 89' lang='lat' dir='ltr'><strong>eo</strong></span> <span class='ocrx_word' id='word_1_50' title='bbox 477 1040 635 1105; x_wconf 86' lang='lat' dir='ltr'><strong>mandata</strong></span> <span class='ocrx_word' id='word_1_51' title='bbox 649 1058 729 1105; x_wconf 87' lang='lat' dir='ltr'><strong>sua:</strong></span> <span class='ocrx_word' id='word_1_52' title='bbox 753 1040 905 1104; x_wconf 88' lang='lat' dir='ltr'><strong>audirent</strong></span> <span class='ocrx_word' id='word_1_53' title='bbox 919 1037 1052 1104; x_wconf 69' lang='lat' dir='ltr'><strong>socios!</strong></span> <span class='ocrx_word' id='word_1_54' title='bbox 1096 1039 1151 1103; x_wconf 90' lang='lat' dir='ltr'><strong>Ita</strong></span> <span class='ocrx_word' id='word_1_55' title='bbox 1165 1058 1253 1116; x_wconf 80' lang='lat' dir='ltr'><strong>reue,</strong></span> <span class='ocrx_word' id='word_1_56' title='bbox 1271 1058 1350 1121; x_wconf 81' lang='lat' dir='ltr'><strong>cog-</strong></span> 
     </span>
     <span class='ocr_line' id='line_1_8' title="bbox 245 1136 1356 1226; baseline -0.001 -19"><span class='ocrx_word' id='word_1_57' title='bbox 245 1145 315 1208; x_wconf 91' lang='lat' dir='ltr'><strong>nito</strong></span> <span class='ocrx_word' id='word_1_58' title='bbox 328 1144 472 1226; x_wconf 82' lang='lat' dir='ltr'><strong>negotio,</strong></span> <span class='ocrx_word' id='word_1_59' title='bbox 488 1144 684 1207; x_wconf 66' lang='lat' dir='ltr'><strong>damnant:</strong></span> <span class='ocrx_word' id='word_1_60' title='bbox 728 1140 782 1207; x_wconf 91' lang='lat' dir='ltr'><strong>Ob</strong></span> <span class='ocrx_word' id='word_1_61' title='bbox 809 1160 909 1225; x_wconf 83' lang='lat' dir='ltr'><strong>quam</strong></span> <span class='ocrx_word' id='word_1_62' title='bbox 930 1138 1118 1219; x_wconf 55' lang='lat' dir='ltr'><strong>ultionem</strong></span> <span class='ocrx_word' id='word_1_63' title='bbox 1132 1146 1166 1205; x_wconf 86' lang='lat' dir='ltr'><strong>et</strong></span> <span class='ocrx_word' id='word_1_64' title='bbox 1187 1142 1268 1225; x_wconf 88' lang='lat' dir='ltr'><strong>quia</strong></span> <span class='ocrx_word' id='word_1_65' title='bbox 1281 1136 1356 1225; x_wconf 54' lang='lat' dir='ltr'><strong>pri?</strong></span> 
     </span>
    </p>
   </div>
   <div class='ocr_carea' id='block_1_3' title="bbox 242 1340 1353 1741">
    <p class='ocr_par' dir='ltr' id='par_1_3' title="bbox 242 1340 1353 1741">
     <span class='ocr_line' id='line_1_9' title="bbox 245 1340 1350 1415; baseline -0.001 -16"><span class='ocrx_word' id='word_1_66' title='bbox 245 1349 347 1400; x_wconf 68' lang='lat' dir='ltr'><strong>Matar:</strong></span> <span class='ocrx_word' id='word_1_67' title='bbox 362 1351 399 1399; x_wconf 84' lang='lat' dir='ltr'><strong>ita</strong></span> <span class='ocrx_word' id='word_1_68' title='bbox 407 1355 435 1400; x_wconf 85' lang='lat' dir='ltr'><strong>at</strong></span> <span class='ocrx_word' id='word_1_69' title='bbox 442 1356 583 1415; x_wconf 68' lang='lat' dir='ltr'><strong>promemor</strong></span> <span class='ocrx_word' id='word_1_70' title='bbox 594 1340 704 1401; x_wconf 67' lang='lat' dir='ltr'><strong>Cauris</strong></span> <span class='ocrx_word' id='word_1_71' title='bbox 714 1352 741 1401; x_wconf 86' lang='lat' dir='ltr'><strong>in</strong></span> <span class='ocrx_word' id='word_1_72' title='bbox 748 1350 810 1400; x_wconf 78' lang='lat' dir='ltr'><strong>Asia</strong></span> <span class='ocrx_word' id='word_1_73' title='bbox 821 1348 936 1399; x_wconf 76' lang='lat' dir='ltr'><strong>Ineiltiua</strong></span> <span class='ocrx_word' id='word_1_74' title='bbox 947 1348 1033 1413; x_wconf 82' lang='lat' dir='ltr'><strong>Cupito</strong></span> <span class='ocrx_word' id='word_1_75' title='bbox 1049 1349 1211 1410; x_wconf 78' lang='lat' dir='ltr'><strong>interrogante</strong></span> <span class='ocrx_word' id='word_1_76' title='bbox 1220 1348 1350 1412; x_wconf 64' lang='lat' dir='ltr'><strong>pemseia,</strong></span> 
     </span>
     <span class='ocr_line' id='line_1_10' title="bbox 242 1414 1351 1478; baseline -0.002 -14"><span class='ocrx_word' id='word_1_77' title='bbox 242 1430 338 1464; x_wconf 77' lang='lat' dir='ltr'><strong>enam</strong></span> <span class='ocrx_word' id='word_1_78' title='bbox 355 1417 466 1478; x_wconf 68' lang='lat' dir='ltr'><strong>meet-it,</strong></span> <span class='ocrx_word' id='word_1_79' title='bbox 481 1420 615 1465; x_wconf 63' lang='lat' dir='ltr'><strong>manenter</strong></span> <span class='ocrx_word' id='word_1_80' title='bbox 632 1420 780 1465; x_wconf 71' lang='lat' dir='ltr'><strong>merente</strong></span> <span class='ocrx_word' id='word_1_81' title='bbox 796 1420 941 1477; x_wconf 78' lang='lat' dir='ltr'><strong>testanteque</strong></span> <span class='ocrx_word' id='word_1_82' title='bbox 957 1414 1071 1477; x_wconf 80' lang='lat' dir='ltr'><strong>principe,</strong></span> <span class='ocrx_word' id='word_1_83' title='bbox 1090 1414 1273 1462; x_wconf 86' lang='lat' dir='ltr'><strong>auctoritatem</strong></span> <span class='ocrx_word' id='word_1_84' title='bbox 1285 1428 1313 1462; x_wconf 86' lang='lat' dir='ltr'><strong>so</strong></span> <span class='ocrx_word' id='word_1_85' title='bbox 1325 1414 1351 1462; x_wconf 91' lang='lat' dir='ltr'><strong>ei</strong></span> 
     </span>
     <span class='ocr_line' id='line_1_11' title="bbox 244 1477 1351 1542; baseline -0.004 -12"><span class='ocrx_word' id='word_1_86' title='bbox 244 1494 296 1530; x_wconf 87' lang='lat' dir='ltr'><strong>non</strong></span> <span class='ocrx_word' id='word_1_87' title='bbox 307 1480 357 1529; x_wconf 84' lang='lat' dir='ltr'><strong>nisi</strong></span> <span class='ocrx_word' id='word_1_88' title='bbox 369 1480 396 1528; x_wconf 91' lang='lat' dir='ltr'><strong>in</strong></span> <span class='ocrx_word' id='word_1_89' title='bbox 407 1495 505 1541; x_wconf 84' lang='lat' dir='ltr'><strong>servos,</strong></span> <span class='ocrx_word' id='word_1_90' title='bbox 516 1488 544 1529; x_wconf 89' lang='lat' dir='ltr'><strong>ct</strong></span> <span class='ocrx_word' id='word_1_91' title='bbox 555 1496 608 1530; x_wconf 89' lang='lat' dir='ltr'><strong>rern</strong></span> <span class='ocrx_word' id='word_1_92' title='bbox 625 1480 779 1537; x_wconf 80' lang='lat' dir='ltr'><strong>familiarem</strong></span> <span class='ocrx_word' id='word_1_93' title='bbox 796 1480 948 1529; x_wconf 84' lang='lat' dir='ltr'><strong>mandasse:</strong></span> <span class='ocrx_word' id='word_1_94' title='bbox 967 1479 1006 1527; x_wconf 86' lang='lat' dir='ltr'><strong>sin</strong></span> <span class='ocrx_word' id='word_1_95' title='bbox 1018 1478 1060 1541; x_wconf 91' lang='lat' dir='ltr'><strong>jus</strong></span> <span class='ocrx_word' id='word_1_96' title='bbox 1078 1478 1197 1542; x_wconf 79' lang='lat' dir='ltr'><strong>praetoris</strong></span> <span class='ocrx_word' id='word_1_97' title='bbox 1208 1478 1257 1527; x_wconf 90' lang='lat' dir='ltr'><strong>sibi</strong></span> <span class='ocrx_word' id='word_1_98' title='bbox 1269 1477 1351 1526; x_wconf 85' lang='lat' dir='ltr'><strong>vindi·</strong></span> 
     </span>
     <span class='ocr_line' id='line_1_12' title="bbox 244 1543 1352 1609; baseline -0.004 -14"><span class='ocrx_word' id='word_1_99' title='bbox 244 1551 342 1606; x_wconf 81' lang='lat' dir='ltr'><strong>cassat,</strong></span> <span class='ocrx_word' id='word_1_100' title='bbox 355 1550 384 1594; x_wconf 88' lang='lat' dir='ltr'><strong>et</strong></span> <span class='ocrx_word' id='word_1_101' title='bbox 395 1544 446 1594; x_wconf 87' lang='lat' dir='ltr'><strong>uim</strong></span> <span class='ocrx_word' id='word_1_102' title='bbox 457 1546 568 1595; x_wconf 84' lang='lat' dir='ltr'><strong>rnilitum</strong></span> <span class='ocrx_word' id='word_1_103' title='bbox 585 1545 755 1609; x_wconf 73' lang='lat' dir='ltr'><strong>adhibuisset,</strong></span> <span class='ocrx_word' id='word_1_104' title='bbox 771 1552 905 1602; x_wconf 82' lang='lat' dir='ltr'><strong>contemta</strong></span> <span class='ocrx_word' id='word_1_105' title='bbox 916 1544 942 1593; x_wconf 88' lang='lat' dir='ltr'><strong>in</strong></span> <span class='ocrx_word' id='word_1_106' title='bbox 952 1556 983 1593; x_wconf 87' lang='lat' dir='ltr'><strong>eo</strong></span> <span class='ocrx_word' id='word_1_107' title='bbox 990 1544 1066 1607; x_wconf 89' lang='lat' dir='ltr'><strong>jussa</strong></span> <span class='ocrx_word' id='word_1_108' title='bbox 1076 1557 1140 1593; x_wconf 89' lang='lat' dir='ltr'><strong>sua:</strong></span> <span class='ocrx_word' id='word_1_109' title='bbox 1159 1543 1235 1593; x_wconf 88' lang='lat' dir='ltr'><strong>sociis</strong></span> <span class='ocrx_word' id='word_1_110' title='bbox 1246 1548 1352 1592; x_wconf 81' lang='lat' dir='ltr'><strong>senatus</strong></span> 
     </span>
     <span class='ocr_line' id='line_1_13' title="bbox 245 1608 1352 1675; baseline 0 -17"><span class='ocrx_word' id='word_1_111' title='bbox 245 1615 274 1657; x_wconf 84' lang='lat' dir='ltr'><strong>et</strong></span> <span class='ocrx_word' id='word_1_112' title='bbox 284 1608 420 1658; x_wconf 81' lang='lat' dir='ltr'><strong>accurandi</strong></span> <span class='ocrx_word' id='word_1_113' title='bbox 432 1612 608 1673; x_wconf 87' lang='lat' dir='ltr'><strong>procuratoris</strong></span> <span class='ocrx_word' id='word_1_114' title='bbox 617 1610 719 1675; x_wconf 87' lang='lat' dir='ltr'><strong>copiam</strong></span> <span class='ocrx_word' id='word_1_115' title='bbox 729 1611 887 1673; x_wconf 68' lang='lat' dir='ltr'><strong>praeberent.</strong></span> <span class='ocrx_word' id='word_1_116' title='bbox 915 1608 957 1657; x_wconf 80' lang='lat' dir='ltr'><strong>Sir</strong></span> <span class='ocrx_word' id='word_1_117' title='bbox 964 1622 1027 1669; x_wconf 82' lang='lat' dir='ltr'><strong>reus,</strong></span> <span class='ocrx_word' id='word_1_118' title='bbox 1035 1608 1165 1671; x_wconf 83' lang='lat' dir='ltr'><strong>disceptatu</strong></span> <span class='ocrx_word' id='word_1_119' title='bbox 1173 1622 1209 1670; x_wconf 77' lang='lat' dir='ltr'><strong>re,</strong></span> <span class='ocrx_word' id='word_1_120' title='bbox 1217 1608 1352 1658; x_wconf 57' lang='lat' dir='ltr'><strong>mudum.</strong></span> 
     </span>
     <span class='ocr_line' id='line_1_14' title="bbox 247 1671 1353 1741; baseline 0 -20"><span class='ocrx_word' id='word_1_121' title='bbox 247 1672 365 1737; x_wconf 74' lang='lat' dir='ltr'><strong>osquam</strong></span> <span class='ocrx_word' id='word_1_122' title='bbox 375 1675 513 1739; x_wconf 61' lang='lat' dir='ltr'><strong>medatem,</strong></span> <span class='ocrx_word' id='word_1_123' title='bbox 528 1680 552 1724; x_wconf 88' lang='lat' dir='ltr'><strong>et</strong></span> <span class='ocrx_word' id='word_1_124' title='bbox 572 1676 630 1739; x_wconf 81' lang='lat' dir='ltr'><strong>qaia</strong></span> <span class='ocrx_word' id='word_1_125' title='bbox 638 1676 759 1741; x_wconf 75' lang='lat' dir='ltr'><strong>superiore</strong></span> <span class='ocrx_word' id='word_1_126' title='bbox 777 1689 838 1723; x_wconf 84' lang='lat' dir='ltr'><strong>anno</strong></span> <span class='ocrx_word' id='word_1_127' title='bbox 855 1674 881 1723; x_wconf 86' lang='lat' dir='ltr'><strong>in</strong></span> <span class='ocrx_word' id='word_1_128' title='bbox 894 1674 922 1723; x_wconf 83' lang='lat' dir='ltr'><strong>C.</strong></span> <span class='ocrx_word' id='word_1_129' title='bbox 935 1672 1044 1722; x_wconf 80' lang='lat' dir='ltr'><strong>Silanum</strong></span> <span class='ocrx_word' id='word_1_130' title='bbox 1054 1672 1243 1722; x_wconf 79' lang='lat' dir='ltr'><strong>animaduersum</strong></span> <span class='ocrx_word' id='word_1_131' title='bbox 1254 1671 1353 1736; x_wconf 66' lang='lat' dir='ltr'><strong>suant,</strong></span> 
     </span>
    </p>
   </div>
   <div class='ocr_carea' id='block_1_4' title="bbox 740 1816 852 1870">
    <p class='ocr_par' dir='ltr' id='par_1_4' title="bbox 740 1816 852 1870">
     <span class='ocr_line' id='line_1_15' title="bbox 740 1816 852 1870; baseline -0.027 0"><span class='ocrx_word' id='word_1_132' title='bbox 740 1816 852 1870; x_wconf 82' lang='lat' dir='ltr'>NOTAE</span> 
     </span>
    </p>
   </div>
   <div class='ocr_carea' id='block_1_5' title="bbox 243 1900 1353 2459">
    <p class='ocr_par' dir='ltr' id='par_1_5' title="bbox 243 1900 1353 2307">
     <span class='ocr_line' id='line_1_16' title="bbox 245 1900 1351 1997; baseline -0.002 -15"><span class='ocrx_word' id='word_1_133' title='bbox 245 1933 317 1997; x_wconf 62' lang='lat' dir='ltr'><strong>crpus</strong></span> <span class='ocrx_word' id='word_1_134' title='bbox 335 1934 419 1985; x_wconf 72' lang='lat' dir='ltr'><strong>adim</strong></span> <span class='ocrx_word' id='word_1_135' title='bbox 433 1933 525 1985; x_wconf 84' lang='lat' dir='ltr'><strong>arbitri</strong></span> <span class='ocrx_word' id='word_1_136' title='bbox 545 1935 650 1996; x_wconf 83' lang='lat' dir='ltr'><strong>Patres,</strong></span> <span class='ocrx_word' id='word_1_137' title='bbox 668 1940 698 1983; x_wconf 91' lang='lat' dir='ltr'><strong>ut</strong></span> <span class='ocrx_word' id='word_1_138' title='bbox 716 1934 778 1986; x_wconf 83' lang='lat' dir='ltr'><strong>olim</strong></span> <span class='ocrx_word' id='word_1_139' title='bbox 818 1900 1001 1982; x_wconf 72' lang='lat' dir='ltr'><strong>cnmuoridum</strong></span> <span class='ocrx_word' id='word_1_140' title='bbox 1013 1936 1149 1994; x_wconf 87' lang='lat' dir='ltr'><strong>corruptus</strong></span> <span class='ocrx_word' id='word_1_141' title='bbox 1164 1935 1243 1990; x_wconf 82' lang='lat' dir='ltr'><strong>esset,</strong></span> <span class='ocrx_word' id='word_1_142' title='bbox 1254 1930 1272 1979; x_wconf 91' lang='grc'><strong>1.</strong></span> <span class='ocrx_word' id='word_1_143' title='bbox 1285 1941 1351 1981; x_wconf 82' lang='lat' dir='ltr'><strong>xttr.</strong></span> 
     </span>
     <span class='ocr_line' id='line_1_17' title="bbox 244 2006 1351 2075; baseline -0.003 -17"><span class='ocrx_word' id='word_1_144' title='bbox 244 2018 336 2060; x_wconf 81' lang='lat' dir='ltr'><strong>uetere</strong></span> <span class='ocrx_word' id='word_1_145' title='bbox 347 2010 454 2074; x_wconf 90' lang='lat' dir='ltr'><strong>Repub.</strong></span> <span class='ocrx_word' id='word_1_146' title='bbox 481 2013 522 2061; x_wconf 86' lang='lat' dir='ltr'><strong>Ex</strong></span> <span class='ocrx_word' id='word_1_147' title='bbox 534 2011 625 2061; x_wconf 74' lang='lat' dir='ltr'><strong>erario</strong></span> <span class='ocrx_word' id='word_1_148' title='bbox 641 2012 720 2075; x_wconf 73' lang='lat' dir='ltr'><strong>igitur</strong></span> <span class='ocrx_word' id='word_1_149' title='bbox 733 2011 779 2060; x_wconf 84' lang='lat' dir='ltr'><strong>de·</strong></span> <span class='ocrx_word' id='word_1_150' title='bbox 818 2012 842 2058; x_wconf 78' lang='lat' dir='ltr'><strong>t.</strong></span> <span class='ocrx_word' id='word_1_151' title='bbox 860 2006 1017 2057; x_wconf 85' lang='lat' dir='ltr'><strong>‘Nenenim</strong></span> <span class='ocrx_word' id='word_1_152' title='bbox 1028 2008 1228 2069; x_wconf 82' lang='lat' dir='ltr'><strong>senegotiorum</strong></span> <span class='ocrx_word' id='word_1_153' title='bbox 1239 2006 1351 2057; x_wconf 87' lang='lat' dir='ltr'><strong>omniurn</strong></span> 
     </span>
     <span class='ocr_line' id='line_1_18' title="bbox 243 2083 1353 2152; baseline -0.002 -15"><span class='ocrx_word' id='word_1_154' title='bbox 243 2084 313 2137; x_wconf 86' lang='lat' dir='ltr'><strong>creti</strong></span> <span class='ocrx_word' id='word_1_155' title='bbox 331 2094 430 2136; x_wconf 90' lang='lat' dir='ltr'><strong>snmtns</strong></span> <span class='ocrx_word' id='word_1_156' title='bbox 448 2085 559 2149; x_wconf 86' lang='lat' dir='ltr'><strong>funeris,</strong></span> <span class='ocrx_word' id='word_1_157' title='bbox 576 2094 604 2137; x_wconf 87' lang='lat' dir='ltr'><strong>et</strong></span> <span class='ocrx_word' id='word_1_158' title='bbox 620 2104 637 2138; x_wconf 89' lang='lat' dir='ltr'><strong>a</strong></span> <span class='ocrx_word' id='word_1_159' title='bbox 653 2088 780 2152; x_wconf 87' lang='lat' dir='ltr'><strong>patribus,</strong></span> <span class='ocrx_word' id='word_1_160' title='bbox 812 2084 929 2149; x_wconf 79' lang='lat' dir='ltr'><strong>jadicem</strong></span> <span class='ocrx_word' id='word_1_161' title='bbox 947 2083 1013 2145; x_wconf 84' lang='lat' dir='ltr'><strong>fore,</strong></span> <span class='ocrx_word' id='word_1_162' title='bbox 1032 2090 1062 2133; x_wconf 94' lang='lat' dir='ltr'><strong>ut</strong></span> <span class='ocrx_word' id='word_1_163' title='bbox 1079 2084 1173 2133; x_wconf 85' lang='lat' dir='ltr'><strong>clausis</strong></span> <span class='ocrx_word' id='word_1_164' title='bbox 1192 2098 1267 2133; x_wconf 87' lang='lat' dir='ltr'><strong>unam</strong></span> <span class='ocrx_word' id='word_1_165' title='bbox 1283 2084 1353 2135; x_wconf 85' lang='lat' dir='ltr'><strong>intra</strong></span> 
     </span>
     <span class='ocr_line' id='line_1_19' title="bbox 244 2158 1351 2229; baseline 0.002 -18"><span class='ocrx_word' id='word_1_166' title='bbox 244 2174 297 2211; x_wconf 88' lang='lat' dir='ltr'><strong>non</strong></span> <span class='ocrx_word' id='word_1_167' title='bbox 308 2174 342 2210; x_wconf 87' lang='lat' dir='ltr'><strong>ex</strong></span> <span class='ocrx_word' id='word_1_168' title='bbox 352 2160 415 2211; x_wconf 78' lang='lat' dir='ltr'><strong>tineo</strong></span> <span class='ocrx_word' id='word_1_169' title='bbox 434 2164 577 2227; x_wconf 86' lang='lat' dir='ltr'><strong>principis:</strong></span> <span class='ocrx_word' id='word_1_170' title='bbox 602 2179 682 2229; x_wconf 86' lang='lat' dir='ltr'><strong>quare</strong></span> <span class='ocrx_word' id='word_1_171' title='bbox 697 2173 726 2216; x_wconf 89' lang='lat' dir='ltr'><strong>et</strong></span> <span class='ocrx_word' id='word_1_172' title='bbox 735 2166 779 2215; x_wconf 92' lang='lat' dir='ltr'><strong>ad·</strong></span> <span class='ocrx_word' id='word_1_173' title='bbox 819 2161 921 2211; x_wconf 86' lang='lat' dir='ltr'><strong>domum</strong></span> <span class='ocrx_word' id='word_1_174' title='bbox 933 2158 1127 2211; x_wconf 85' lang='lat' dir='ltr'><strong>accusatoribus</strong></span> <span class='ocrx_word' id='word_1_175' title='bbox 1141 2166 1169 2209; x_wconf 87' lang='lat' dir='ltr'><strong>et</strong></span> <span class='ocrx_word' id='word_1_176' title='bbox 1183 2162 1244 2225; x_wconf 87' lang='lat' dir='ltr'><strong>reis,</strong></span> <span class='ocrx_word' id='word_1_177' title='bbox 1255 2176 1351 2226; x_wconf 86' lang='lat' dir='ltr'><strong>pauco·</strong></span> 
     </span>
     <span class='ocr_line' id='line_1_20' title="bbox 244 2236 1197 2307; baseline 0.001 -21"><span class='ocrx_word' id='word_1_178' title='bbox 244 2237 285 2287; x_wconf 91' lang='lat' dir='ltr'><strong>dlt</strong></span> <span class='ocrx_word' id='word_1_179' title='bbox 304 2238 365 2288; x_wconf 74' lang='lat' dir='ltr'><strong>Tae.</strong></span> <span class='ocrx_word' id='word_1_180' title='bbox 388 2241 487 2290; x_wconf 85' lang='lat' dir='ltr'><strong>‘etiarn</strong></span> <span class='ocrx_word' id='word_1_181' title='bbox 509 2241 573 2291; x_wconf 87' lang='lat' dir='ltr'><strong>tnm&#39;</strong></span> <span class='ocrx_word' id='word_1_182' title='bbox 596 2241 667 2306; x_wconf 87' lang='lat' dir='ltr'><strong>apud</strong></span> <span class='ocrx_word' id='word_1_183' title='bbox 689 2248 777 2307; x_wconf 84' lang='lat' dir='ltr'><strong>patres</strong></span> <span class='ocrx_word' id='word_1_184' title='bbox 819 2252 875 2287; x_wconf 83' lang='lat' dir='ltr'><strong>ntra</strong></span> <span class='ocrx_word' id='word_1_185' title='bbox 889 2236 1197 2301; x_wconf 70' lang='lat' dir='ltr'><strong>potentiagrassatetur!</strong></span> 
     </span>
    </p>

    <p class='ocr_par' dir='ltr' id='par_1_6' title="bbox 243 2313 1351 2459">
     <span class='ocr_line' id='line_1_21' title="bbox 244 2313 1351 2377; baseline -0.001 -14"><span class='ocrx_word' id='word_1_186' title='bbox 244 2317 571 2368; x_wconf 73' lang='lat' dir='ltr'><strong>‘cunctatraetabantun’</strong></span> <span class='ocrx_word' id='word_1_187' title='bbox 606 2319 643 2368; x_wconf 89' lang='lat' dir='ltr'><strong>Ut</strong></span> <span class='ocrx_word' id='word_1_188' title='bbox 651 2318 726 2369; x_wconf 90' lang='lat' dir='ltr'><strong>nobis</strong></span> <span class='ocrx_word' id='word_1_189' title='bbox 737 2333 779 2368; x_wconf 88' lang='lat' dir='ltr'><strong>re·</strong></span> <span class='ocrx_word' id='word_1_190' title='bbox 851 2314 1029 2377; x_wconf 70' lang='lat' dir='ltr'><strong>‘Megaeram</strong></span> <span class='ocrx_word' id='word_1_191' title='bbox 1044 2313 1225 2377; x_wconf 65' lang='lat' dir='ltr'><strong>mambae]</strong></span> <span class='ocrx_word' id='word_1_192' title='bbox 1247 2313 1351 2365; x_wconf 77' lang='lat' dir='ltr'><strong>&#39;liberis</strong></span> 
     </span>
     <span class='ocr_line' id='line_1_22' title="bbox 243 2389 1351 2459; baseline 0 -21"><span class='ocrx_word' id='word_1_193' title='bbox 243 2395 322 2440; x_wconf 81' lang='lat' dir='ltr'><strong>voest</strong></span> <span class='ocrx_word' id='word_1_194' title='bbox 331 2389 359 2439; x_wconf 93' lang='lat' dir='ltr'><strong>in</strong></span> <span class='ocrx_word' id='word_1_195' title='bbox 370 2392 519 2443; x_wconf 79' lang='lat' dir='ltr'><strong>memoriam</strong></span> <span class='ocrx_word' id='word_1_196' title='bbox 526 2394 666 2444; x_wconf 68' lang='lat' dir='ltr'><strong>discrimen</strong></span> <span class='ocrx_word' id='word_1_197' title='bbox 674 2394 777 2459; x_wconf 74' lang='lat' dir='ltr'><strong>reipub.</strong></span> <span class='ocrx_word' id='word_1_198' title='bbox 820 2404 892 2440; x_wconf 88' lang='lat' dir='ltr'><strong>reum</strong></span> <span class='ocrx_word' id='word_1_199' title='bbox 902 2390 968 2440; x_wconf 90' lang='lat' dir='ltr'><strong>adeo</strong></span> <span class='ocrx_word' id='word_1_200' title='bbox 979 2404 1030 2439; x_wconf 88' lang='lat' dir='ltr'><strong>nou</strong></span> <span class='ocrx_word' id='word_1_201' title='bbox 1047 2389 1215 2453; x_wconf 80' lang='lat' dir='ltr'><strong>defendente,</strong></span> <span class='ocrx_word' id='word_1_202' title='bbox 1226 2396 1256 2439; x_wconf 91' lang='lat' dir='ltr'><strong>ut</strong></span> <span class='ocrx_word' id='word_1_203' title='bbox 1265 2390 1351 2454; x_wconf 89' lang='lat' dir='ltr'><strong>potius</strong></span> 
     </span>
    </p>
   </div>
   <div class='ocr_carea' id='block_1_6' title="bbox 150 2464 1352 2537">
    <p class='ocr_par' dir='ltr' id='par_1_7' title="bbox 150 2464 1352 2537">
     <span class='ocr_line' id='line_1_23' title="bbox 150 2464 1352 2537; baseline -0.002 -19"><span class='ocrx_word' id='word_1_204' title='bbox 150 2474 154 2480; x_wconf 87' lang='lat'>&#39;</span> <span class='ocrx_word' id='word_1_205' title='bbox 243 2472 529 2535; x_wconf 77' lang='lat' dir='ltr'><strong>eteornmterupornm</strong></span> <span class='ocrx_word' id='word_1_206' title='bbox 546 2488 605 2537; x_wconf 76' lang='lat' dir='ltr'><strong>quae</strong></span> <span class='ocrx_word' id='word_1_207' title='bbox 616 2478 779 2522; x_wconf 72' lang='lat' dir='ltr'><strong>moxracnta</strong></span> <span class='ocrx_word' id='word_1_208' title='bbox 819 2465 1026 2515; x_wconf 81' lang='lat' dir='ltr'><strong>constantissime</strong></span> <span class='ocrx_word' id='word_1_209' title='bbox 1042 2472 1213 2528; x_wconf 77' lang='lat' dir='ltr'><strong>asseveraret,</strong></span> <span class='ocrx_word' id='word_1_210' title='bbox 1231 2478 1258 2515; x_wconf 84' lang='lat' dir='ltr'><strong>ae</strong></span> <span class='ocrx_word' id='word_1_211' title='bbox 1276 2464 1352 2529; x_wconf 66' lang='lat' dir='ltr'><strong>Capi:</strong></span> 
     </span>
    </p>
   </div>
   <div class='ocr_carea' id='block_1_7' title="bbox 179 2540 1352 4293">
    <p class='ocr_par' dir='ltr' id='par_1_8' title="bbox 179 2540 1352 4293">
     <span class='ocr_line' id='line_1_24' title="bbox 243 2540 1352 2613; baseline 0.002 -22"><span class='ocrx_word' id='word_1_212' title='bbox 243 2549 313 2605; x_wconf 89' lang='lat' dir='ltr'><strong>sunt,</strong></span> <span class='ocrx_word' id='word_1_213' title='bbox 324 2544 418 2609; x_wconf 88' lang='lat' dir='ltr'><strong>quibus</strong></span> <span class='ocrx_word' id='word_1_214' title='bbox 430 2560 473 2595; x_wconf 90' lang='lat' dir='ltr'><strong>res</strong></span> <span class='ocrx_word' id='word_1_215' title='bbox 483 2560 535 2597; x_wconf 90' lang='lat' dir='ltr'><strong>non</strong></span> <span class='ocrx_word' id='word_1_216' title='bbox 546 2548 656 2613; x_wconf 78' lang='lat' dir='ltr'><strong>amptius</strong></span> <span class='ocrx_word' id='word_1_217' title='bbox 667 2548 694 2598; x_wconf 81' lang='lat' dir='ltr'><strong>tn</strong></span> <span class='ocrx_word' id='word_1_218' title='bbox 704 2564 778 2599; x_wconf 61' lang='lat' dir='ltr'><strong>sena.</strong></span> <span class='ocrx_word' id='word_1_219' title='bbox 819 2540 875 2591; x_wconf 91' lang='lat' dir='ltr'><strong>toni</strong></span> <span class='ocrx_word' id='word_1_220' title='bbox 892 2541 989 2591; x_wconf 86' lang='lat' dir='ltr'><strong>nullam</strong></span> <span class='ocrx_word' id='word_1_221' title='bbox 1009 2548 1166 2607; x_wconf 88' lang='lat' dir='ltr'><strong>potestatem</strong></span> <span class='ocrx_word' id='word_1_222' title='bbox 1184 2543 1352 2604; x_wconf 77' lang='lat' dir='ltr'><strong>concessisse,</strong></span> 
     </span>
     <span class='ocr_line' id='line_1_25' title="bbox 243 2617 1352 2688; baseline 0.005 -20"><span class='ocrx_word' id='word_1_223' title='bbox 243 2627 283 2682; x_wconf 84' lang='lat' dir='ltr'><strong>an,</strong></span> <span class='ocrx_word' id='word_1_224' title='bbox 294 2622 553 2688; x_wconf 81' lang='lat' dir='ltr'><strong>etaPatribns,red</strong></span> <span class='ocrx_word' id='word_1_225' title='bbox 564 2624 722 2674; x_wconf 72' lang='lat' dir='ltr'><strong>intrandam</strong></span> <span class='ocrx_word' id='word_1_226' title='bbox 733 2624 778 2674; x_wconf 68' lang='lat' dir='ltr'><strong>do</strong></span> <span class='ocrx_word' id='word_1_227' title='bbox 818 2617 867 2667; x_wconf 79' lang='lat' dir='ltr'><strong>nist</strong></span> <span class='ocrx_word' id='word_1_228' title='bbox 885 2618 912 2667; x_wconf 83' lang='lat' dir='ltr'><strong>in</strong></span> <span class='ocrx_word' id='word_1_229' title='bbox 930 2618 1007 2669; x_wconf 83' lang='lat' dir='ltr'><strong>rebus</strong></span> <span class='ocrx_word' id='word_1_230' title='bbox 1018 2632 1107 2668; x_wconf 79' lang='lat' dir='ltr'><strong>servos</strong></span> <span class='ocrx_word' id='word_1_231' title='bbox 1126 2633 1185 2669; x_wconf 79' lang='lat' dir='ltr'><strong>suos</strong></span> <span class='ocrx_word' id='word_1_232' title='bbox 1201 2624 1229 2669; x_wconf 85' lang='lat' dir='ltr'><strong>et</strong></span> <span class='ocrx_word' id='word_1_233' title='bbox 1240 2632 1294 2669; x_wconf 82' lang='lat' dir='ltr'><strong>reru</strong></span> <span class='ocrx_word' id='word_1_234' title='bbox 1307 2632 1352 2683; x_wconf 83' lang='lat' dir='ltr'><strong>pe·</strong></span> 
     </span>
     <span class='ocr_line' id='line_1_26' title="bbox 243 2693 1351 2766; baseline 0.003 -22"><span class='ocrx_word' id='word_1_235' title='bbox 243 2710 313 2745; x_wconf 80' lang='lat' dir='ltr'><strong>munt</strong></span> <span class='ocrx_word' id='word_1_236' title='bbox 334 2697 459 2764; x_wconf 87' lang='lat' dir='ltr'><strong>principis</strong></span> <span class='ocrx_word' id='word_1_237' title='bbox 472 2708 499 2750; x_wconf 91' lang='lat' dir='ltr'><strong>et</strong></span> <span class='ocrx_word' id='word_1_238' title='bbox 510 2716 526 2749; x_wconf 91' lang='lat' dir='ltr'><strong>a</strong></span> <span class='ocrx_word' id='word_1_239' title='bbox 537 2702 625 2764; x_wconf 87' lang='lat' dir='ltr'><strong>paucis</strong></span> <span class='ocrx_word' id='word_1_240' title='bbox 643 2701 778 2766; x_wconf 73' lang='lat' dir='ltr'><strong>agitaban-</strong></span> <span class='ocrx_word' id='word_1_241' title='bbox 818 2694 959 2743; x_wconf 87' lang='lat' dir='ltr'><strong>cuniariarn</strong></span> <span class='ocrx_word' id='word_1_242' title='bbox 977 2693 1106 2759; x_wconf 84' lang='lat' dir='ltr'><strong>privatam</strong></span> <span class='ocrx_word' id='word_1_243' title='bbox 1127 2696 1351 2747; x_wconf 86' lang='lat' dir='ltr'><strong>concernentibus.</strong></span> 
     </span>
     <span class='ocr_line' id='line_1_27' title="bbox 242 2770 1351 2838; baseline 0.015 -18"><span class='ocrx_word' id='word_1_244' title='bbox 242 2780 305 2833; x_wconf 86' lang='lat' dir='ltr'><strong>tnr;</strong></span> <span class='ocrx_word' id='word_1_245' title='bbox 332 2775 426 2837; x_wconf 89' lang='lat' dir='ltr'><strong>quibus</strong></span> <span class='ocrx_word' id='word_1_246' title='bbox 440 2776 497 2838; x_wconf 83' lang='lat' dir='ltr'><strong>jam</strong></span> <span class='ocrx_word' id='word_1_247' title='bbox 518 2778 588 2826; x_wconf 90' lang='lat' dir='ltr'><strong>inter</strong></span> <span class='ocrx_word' id='word_1_248' title='bbox 609 2778 728 2827; x_wconf 67' lang='lat' dir='ltr'><strong>ararium</strong></span> <span class='ocrx_word' id='word_1_249' title='bbox 750 2784 779 2828; x_wconf 86' lang='lat' dir='ltr'><strong>et</strong></span> <span class='ocrx_word' id='word_1_250' title='bbox 851 2770 1039 2836; x_wconf 59' lang='lat' dir='ltr'><strong>”Msslil&#39;lffliite</strong></span> <span class='ocrx_word' id='word_1_251' title='bbox 1067 2774 1171 2823; x_wconf 55' lang='lat' dir='ltr'><strong>mimi*</strong></span> <span class='ocrx_word' id='word_1_252' title='bbox 1200 2772 1351 2837; x_wconf 67' lang='lat' dir='ltr'><strong>meil</strong></span> 
     </span>
     <span class='ocr_line' id='line_1_28' title="bbox 242 2846 1352 2916; baseline 0.004 -18"><span class='ocrx_word' id='word_1_253' title='bbox 242 2846 335 2898; x_wconf 79' lang='lat' dir='ltr'><strong>fiscum</strong></span> <span class='ocrx_word' id='word_1_254' title='bbox 354 2849 424 2898; x_wconf 88' lang='lat' dir='ltr'><strong>nulia</strong></span> <span class='ocrx_word' id='word_1_255' title='bbox 443 2848 601 2915; x_wconf 83' lang='lat' dir='ltr'><strong>differentia,</strong></span> <span class='ocrx_word' id='word_1_256' title='bbox 610 2852 671 2916; x_wconf 83' lang='lat' dir='ltr'><strong>quia</strong></span> <span class='ocrx_word' id='word_1_257' title='bbox 681 2861 778 2902; x_wconf 87' lang='lat' dir='ltr'><strong>cuneta</strong></span> <span class='ocrx_word' id='word_1_258' title='bbox 819 2846 880 2897; x_wconf 79' lang='lat' dir='ltr'><strong>Huc</strong></span> <span class='ocrx_word' id='word_1_259' title='bbox 902 2846 1018 2911; x_wconf 79' lang='lat' dir='ltr'><strong>pertinet</strong></span> <span class='ocrx_word' id='word_1_260' title='bbox 1045 2850 1116 2914; x_wconf 87' lang='lat' dir='ltr'><strong>quod</strong></span> <span class='ocrx_word' id='word_1_261' title='bbox 1138 2850 1218 2901; x_wconf 80' lang='lat' dir='ltr'><strong>habet</strong></span> <span class='ocrx_word' id='word_1_262' title='bbox 1237 2851 1302 2899; x_wconf 84' lang='lat' dir='ltr'><strong>Tac·</strong></span> <span class='ocrx_word' id='word_1_263' title='bbox 1324 2850 1352 2898; x_wconf 85' lang='lat' dir='ltr'><strong>in</strong></span> 
     </span>
     <span class='ocr_line' id='line_1_29' title="bbox 241 2922 1352 2991; baseline 0 -18"><span class='ocrx_word' id='word_1_264' title='bbox 241 2923 270 2973; x_wconf 91' lang='lat' dir='ltr'><strong>in</strong></span> <span class='ocrx_word' id='word_1_265' title='bbox 286 2938 315 2974; x_wconf 87' lang='lat' dir='ltr'><strong>ae</strong></span> <span class='ocrx_word' id='word_1_266' title='bbox 334 2930 453 2975; x_wconf 83' lang='lat' dir='ltr'><strong>traxerat</strong></span> <span class='ocrx_word' id='word_1_267' title='bbox 471 2926 603 2991; x_wconf 86' lang='lat' dir='ltr'><strong>princeps,</strong></span> <span class='ocrx_word' id='word_1_268' title='bbox 621 2934 651 2977; x_wconf 89' lang='lat' dir='ltr'><strong>et</strong></span> <span class='ocrx_word' id='word_1_269' title='bbox 670 2929 778 2978; x_wconf 82' lang='lat' dir='ltr'><strong>‘omnia</strong></span> <span class='ocrx_word' id='word_1_270' title='bbox 817 2922 951 2988; x_wconf 76' lang='lat' dir='ltr'><strong>Agricolae</strong></span> <span class='ocrx_word' id='word_1_271' title='bbox 973 2924 1037 2975; x_wconf 83' lang='lat' dir='ltr'><strong>vita.</strong></span> <span class='ocrx_word' id='word_1_272' title='bbox 1078 2925 1130 2975; x_wconf 88' lang='lat' dir='ltr'><strong>Ubi</strong></span> <span class='ocrx_word' id='word_1_273' title='bbox 1152 2926 1190 2975; x_wconf 86' lang='lat' dir='ltr'><strong>sic</strong></span> <span class='ocrx_word' id='word_1_274' title='bbox 1210 2930 1352 2990; x_wconf 84' lang='lat' dir='ltr'><strong>queruntur</strong></span> 
     </span>
     <span class='ocr_line' id='line_1_30' title="bbox 243 3000 1350 3067; baseline -0.002 -18"><span class='ocrx_word' id='word_1_275' title='bbox 243 3000 694 3067; x_wconf 73' lang='lat' dir='ltr'><strong>Caeaarerat,&#39;ntiuquit1ncanus.</strong></span> <span class='ocrx_word' id='word_1_276' title='bbox 816 3001 952 3052; x_wconf 81' lang='lat' dir='ltr'><strong>Britanni:</strong></span> <span class='ocrx_word' id='word_1_277' title='bbox 980 3002 1118 3063; x_wconf 76' lang='lat' dir='ltr'><strong>‘Singulos</strong></span> <span class='ocrx_word' id='word_1_278' title='bbox 1135 3000 1185 3048; x_wconf 88' lang='lat' dir='ltr'><strong>sibi</strong></span> <span class='ocrx_word' id='word_1_279' title='bbox 1201 3000 1262 3049; x_wconf 88' lang='lat' dir='ltr'><strong>olim</strong></span> <span class='ocrx_word' id='word_1_280' title='bbox 1274 3012 1350 3059; x_wconf 77' lang='lat' dir='ltr'><strong>reges</strong></span> 
     </span>
     <span class='ocr_line' id='line_1_31' title="bbox 274 3072 1349 3143; baseline -0.005 -18"><span class='ocrx_word' id='word_1_281' title='bbox 274 3076 330 3125; x_wconf 79' lang='lat' dir='ltr'><strong>Sub</strong></span> <span class='ocrx_word' id='word_1_282' title='bbox 344 3077 497 3141; x_wconf 69' lang='lat' dir='ltr'><strong>caligulaet</strong></span> <span class='ocrx_word' id='word_1_283' title='bbox 509 3078 618 3128; x_wconf 85' lang='lat' dir='ltr'><strong>Claudio</strong></span> <span class='ocrx_word' id='word_1_284' title='bbox 629 3084 658 3128; x_wconf 87' lang='lat' dir='ltr'><strong>et</strong></span> <span class='ocrx_word' id='word_1_285' title='bbox 667 3093 775 3143; x_wconf 85' lang='lat' dir='ltr'><strong>aequen-</strong></span> <span class='ocrx_word' id='word_1_286' title='bbox 814 3075 904 3138; x_wconf 77' lang='lat' dir='ltr'><strong>tntae,</strong></span> <span class='ocrx_word' id='word_1_287' title='bbox 914 3090 983 3126; x_wconf 90' lang='lat' dir='ltr'><strong>nunc</strong></span> <span class='ocrx_word' id='word_1_288' title='bbox 999 3076 1074 3125; x_wconf 85' lang='lat' dir='ltr'><strong>binos</strong></span> <span class='ocrx_word' id='word_1_289' title='bbox 1090 3075 1205 3138; x_wconf 89' lang='lat' dir='ltr'><strong>imponi;</strong></span> <span class='ocrx_word' id='word_1_290' title='bbox 1228 3072 1349 3137; x_wconf 86' lang='lat' dir='ltr'><strong>equibus</strong></span> 
     </span>
     <span class='ocr_line' id='line_1_32' title="bbox 242 3148 1349 3216; baseline -0.003 -16"><span class='ocrx_word' id='word_1_291' title='bbox 242 3150 313 3201; x_wconf 88' lang='lat' dir='ltr'><strong>tibna</strong></span> <span class='ocrx_word' id='word_1_292' title='bbox 332 3152 481 3202; x_wconf 77' lang='lat' dir='ltr'><strong>Caesaribus</strong></span> <span class='ocrx_word' id='word_1_293' title='bbox 500 3153 578 3216; x_wconf 74' lang='lat' dir='ltr'><strong>longe</strong></span> <span class='ocrx_word' id='word_1_294' title='bbox 592 3154 670 3201; x_wconf 86' lang='lat' dir='ltr'><strong>aliter</strong></span> <span class='ocrx_word' id='word_1_295' title='bbox 689 3166 731 3201; x_wconf 86' lang='lat' dir='ltr'><strong>res</strong></span> <span class='ocrx_word' id='word_1_296' title='bbox 747 3168 777 3203; x_wconf 88' lang='lat' dir='ltr'><strong>se</strong></span> <span class='ocrx_word' id='word_1_297' title='bbox 816 3154 918 3215; x_wconf 74' lang='lat' dir='ltr'><strong>legatus</strong></span> <span class='ocrx_word' id='word_1_298' title='bbox 937 3153 963 3201; x_wconf 91' lang='lat' dir='ltr'><strong>iu</strong></span> <span class='ocrx_word' id='word_1_299' title='bbox 979 3150 1140 3214; x_wconf 72' lang='lat' dir='ltr'><strong>sanguinent,</strong></span> <span class='ocrx_word' id='word_1_300' title='bbox 1158 3148 1349 3213; x_wconf 85' lang='lat' dir='ltr'><strong>procuratorin</strong></span> 
     </span>
     <span class='ocr_line' id='line_1_33' title="bbox 241 3225 1350 3292; baseline -0.002 -15"><span class='ocrx_word' id='word_1_301' title='bbox 241 3227 363 3280; x_wconf 82' lang='lat' dir='ltr'><strong>habuere.</strong></span> <span class='ocrx_word' id='word_1_302' title='bbox 388 3227 528 3278; x_wconf 77' lang='lat' dir='ltr'><strong>Servitium</strong></span> <span class='ocrx_word' id='word_1_303' title='bbox 541 3228 663 3291; x_wconf 86' lang='lat' dir='ltr'><strong>paulatim</strong></span> <span class='ocrx_word' id='word_1_304' title='bbox 671 3229 776 3292; x_wconf 72' lang='lat' dir='ltr'><strong>grauius</strong></span> <span class='ocrx_word' id='word_1_305' title='bbox 816 3226 884 3278; x_wconf 88' lang='lat' dir='ltr'><strong>bona</strong></span> <span class='ocrx_word' id='word_1_306' title='bbox 894 3228 1014 3287; x_wconf 66' lang='lat' dir='ltr'><strong>seviret:</strong></span> <span class='ocrx_word' id='word_1_307' title='bbox 1029 3241 1106 3291; x_wconf 79' lang='lat' dir='ltr'><strong>aeque</strong></span> <span class='ocrx_word' id='word_1_308' title='bbox 1118 3225 1272 3277; x_wconf 84' lang='lat' dir='ltr'><strong>discordiam</strong></span> <span class='ocrx_word' id='word_1_309' title='bbox 1284 3238 1350 3289; x_wconf 73' lang='lat' dir='ltr'><strong>prae·</strong></span> 
     </span>
     <span class='ocr_line' id='line_1_34' title="bbox 241 3302 1350 3368; baseline -0.001 -15"><span class='ocrx_word' id='word_1_310' title='bbox 241 3303 399 3368; x_wconf 60' lang='lat' dir='ltr'><strong>pariaque</strong></span> <span class='ocrx_word' id='word_1_311' title='bbox 417 3302 544 3352; x_wconf 82' lang='lat' dir='ltr'><strong>incubuit.</strong></span> <span class='ocrx_word' id='word_1_312' title='bbox 572 3302 643 3353; x_wconf 78' lang='lat' dir='ltr'><strong>Audi</strong></span> <span class='ocrx_word' id='word_1_313' title='bbox 661 3305 746 3355; x_wconf 77' lang='lat' dir='ltr'><strong>Tacit</strong></span> <span class='ocrx_word' id='word_1_314' title='bbox 757 3307 775 3357; x_wconf 92' lang='grc'><strong>1.</strong></span> <span class='ocrx_word' id='word_1_315' title='bbox 815 3302 968 3366; x_wconf 81' lang='lat' dir='ltr'><strong>positorum,</strong></span> <span class='ocrx_word' id='word_1_316' title='bbox 985 3317 1059 3368; x_wconf 81' lang='lat' dir='ltr'><strong>aeque</strong></span> <span class='ocrx_word' id='word_1_317' title='bbox 1070 3302 1235 3353; x_wconf 83' lang='lat' dir='ltr'><strong>concordiam</strong></span> <span class='ocrx_word' id='word_1_318' title='bbox 1246 3302 1350 3366; x_wconf 75' lang='lat' dir='ltr'><strong>subjec-</strong></span> 
     </span>
     <span class='ocr_line' id='line_1_35' title="bbox 242 3377 1349 3447; baseline -0.001 -19"><span class='ocrx_word' id='word_1_319' title='bbox 242 3391 286 3429; x_wconf 83' lang='lat' dir='ltr'><strong>xt.</strong></span> <span class='ocrx_word' id='word_1_320' title='bbox 304 3382 330 3427; x_wconf 71' lang='lat'><strong>2.</strong></span> <span class='ocrx_word' id='word_1_321' title='bbox 350 3377 395 3427; x_wconf 91' lang='lat' dir='ltr'><strong>ubi</strong></span> <span class='ocrx_word' id='word_1_322' title='bbox 413 3378 447 3427; x_wconf 89' lang='lat' dir='ltr'><strong>de</strong></span> <span class='ocrx_word' id='word_1_323' title='bbox 465 3377 581 3430; x_wconf 80' lang='lat' dir='ltr'><strong>Asiatico</strong></span> <span class='ocrx_word' id='word_1_324' title='bbox 600 3379 639 3430; x_wconf 89' lang='lat' dir='ltr'><strong>bis</strong></span> <span class='ocrx_word' id='word_1_325' title='bbox 659 3383 775 3447; x_wconf 84' lang='lat' dir='ltr'><strong>consule,</strong></span> <span class='ocrx_word' id='word_1_326' title='bbox 815 3379 850 3429; x_wconf 93' lang='lat' dir='ltr'><strong>tis</strong></span> <span class='ocrx_word' id='word_1_327' title='bbox 860 3378 1014 3429; x_wconf 86' lang='lat' dir='ltr'><strong>exitiosam:</strong></span> <span class='ocrx_word' id='word_1_328' title='bbox 1037 3380 1143 3429; x_wconf 86' lang='lat' dir='ltr'><strong>alterius</strong></span> <span class='ocrx_word' id='word_1_329' title='bbox 1160 3392 1249 3429; x_wconf 85' lang='lat' dir='ltr'><strong>manus</strong></span> <span class='ocrx_word' id='word_1_330' title='bbox 1260 3385 1349 3429; x_wconf 85' lang='lat' dir='ltr'><strong>eantu-</strong></span> 
     </span>
     <span class='ocr_line' id='line_1_36' title="bbox 241 3452 1350 3520; baseline 0.005 -19"><span class='ocrx_word' id='word_1_331' title='bbox 241 3452 357 3515; x_wconf 82' lang='lat' dir='ltr'><strong>‘Neque</strong></span> <span class='ocrx_word' id='word_1_332' title='bbox 367 3452 430 3501; x_wconf 82' lang='lat' dir='ltr'><strong>data</strong></span> <span class='ocrx_word' id='word_1_333' title='bbox 439 3461 545 3505; x_wconf 78' lang='lat' dir='ltr'><strong>senatun</strong></span> <span class='ocrx_word' id='word_1_334' title='bbox 556 3456 641 3520; x_wconf 91' lang='lat' dir='ltr'><strong>eopia,</strong></span> <span class='ocrx_word' id='word_1_335' title='bbox 651 3458 721 3507; x_wconf 87' lang='lat' dir='ltr'><strong>iutra</strong></span> <span class='ocrx_word' id='word_1_336' title='bbox 731 3472 775 3507; x_wconf 90' lang='lat' dir='ltr'><strong>cu-</strong></span> <span class='ocrx_word' id='word_1_337' title='bbox 816 3457 910 3519; x_wconf 87' lang='lat' dir='ltr'><strong>riones,</strong></span> <span class='ocrx_word' id='word_1_338' title='bbox 932 3457 1038 3507; x_wconf 85' lang='lat' dir='ltr'><strong>alterius</strong></span> <span class='ocrx_word' id='word_1_339' title='bbox 1057 3458 1110 3507; x_wconf 80' lang='lat' dir='ltr'><strong>uim</strong></span> <span class='ocrx_word' id='word_1_340' title='bbox 1129 3463 1157 3507; x_wconf 87' lang='lat' dir='ltr'><strong>et</strong></span> <span class='ocrx_word' id='word_1_341' title='bbox 1179 3456 1350 3507; x_wconf 83' lang='lat' dir='ltr'><strong>contumelias</strong></span> 
     </span>
     <span class='ocr_line' id='line_1_37' title="bbox 179 3526 1307 3595; baseline 0.012 -17"><span class='ocrx_word' id='word_1_342' title='bbox 179 3544 182 3550; x_wconf 93' lang='lat'><em>·</em></span> <span class='ocrx_word' id='word_1_343' title='bbox 240 3526 357 3579; x_wconf 86' lang='lat' dir='ltr'><strong>bicatum</strong></span> <span class='ocrx_word' id='word_1_344' title='bbox 376 3528 490 3594; x_wconf 82' lang='lat' dir='ltr'><strong>auditur,</strong></span> <span class='ocrx_word' id='word_1_345' title='bbox 512 3531 776 3583; x_wconf 70' lang='lat' dir='ltr'><strong>steintunam:</strong></span> <span class='ocrx_word' id='word_1_346' title='bbox 815 3533 1004 3595; x_wconf 81' lang='lat' dir='ltr'><strong>miscere,&#39;&amp;c.</strong></span> <span class='ocrx_word' id='word_1_347' title='bbox 1304 3580 1307 3591; x_wconf 93' lang='lat'><em>.</em></span> 
     </span>
     <span class='ocr_line' id='line_1_38' title="bbox 241 3602 1352 3673; baseline 0.004 -18"><span class='ocrx_word' id='word_1_348' title='bbox 241 3602 337 3670; x_wconf 80' lang='lat' dir='ltr'><strong>Ibique</strong></span> <span class='ocrx_word' id='word_1_349' title='bbox 350 3604 454 3669; x_wconf 74' lang='lat' dir='ltr'><strong>cogitur</strong></span> <span class='ocrx_word' id='word_1_350' title='bbox 471 3607 504 3656; x_wconf 90' lang='lat' dir='ltr'><strong>ad</strong></span> <span class='ocrx_word' id='word_1_351' title='bbox 523 3613 635 3658; x_wconf 87' lang='lat' dir='ltr'><strong>mortem</strong></span> <span class='ocrx_word' id='word_1_352' title='bbox 653 3606 775 3659; x_wconf 78' lang='lat' dir='ltr'><strong>‘fraude’</strong></span> <span class='ocrx_word' id='word_1_353' title='bbox 848 3610 1017 3673; x_wconf 75' lang='lat' dir='ltr'><strong>eDurrnurtor]</strong></span> <span class='ocrx_word' id='word_1_354' title='bbox 1044 3608 1088 3660; x_wconf 81' lang='lat' dir='ltr'><strong>Ne</strong></span> <span class='ocrx_word' id='word_1_355' title='bbox 1105 3609 1352 3673; x_wconf 87' lang='lat' dir='ltr'><strong>denltimnsuppli-</strong></span> 
     </span>
     <span class='ocr_line' id='line_1_39' title="bbox 241 3679 1351 3750; baseline 0.004 -19"><span class='ocrx_word' id='word_1_356' title='bbox 241 3679 391 3731; x_wconf 71' lang='lat' dir='ltr'><strong>Men-tina</strong></span> <span class='ocrx_word' id='word_1_357' title='bbox 403 3681 450 3731; x_wconf 83' lang='lat' dir='ltr'><strong>at‘</strong></span> <span class='ocrx_word' id='word_1_358' title='bbox 461 3682 593 3745; x_wconf 84' lang='lat' dir='ltr'><strong>impudico</strong></span> <span class='ocrx_word' id='word_1_359' title='bbox 602 3683 702 3733; x_wconf 86' lang='lat' dir='ltr'><strong>Vitellii</strong></span> <span class='ocrx_word' id='word_1_360' title='bbox 712 3684 776 3746; x_wconf 65' lang='lat' dir='ltr'><strong>ore:</strong></span> <span class='ocrx_word' id='word_1_361' title='bbox 816 3685 857 3737; x_wconf 88' lang='lat' dir='ltr'><strong>cio</strong></span> <span class='ocrx_word' id='word_1_362' title='bbox 866 3685 1012 3750; x_wconf 52' lang='lat' dir='ltr'><strong>intelligam</strong></span> <span class='ocrx_word' id='word_1_363' title='bbox 1037 3691 1068 3735; x_wconf 92' lang='lat' dir='ltr'><strong>ut</strong></span> <span class='ocrx_word' id='word_1_364' title='bbox 1077 3699 1110 3735; x_wconf 89' lang='lat' dir='ltr'><strong>ex</strong></span> <span class='ocrx_word' id='word_1_365' title='bbox 1128 3684 1223 3735; x_wconf 88' lang='lat' dir='ltr'><strong>Dionis</strong></span> <span class='ocrx_word' id='word_1_366' title='bbox 1234 3684 1351 3737; x_wconf 88' lang='lat' dir='ltr'><strong>testimo·</strong></span> 
     </span>
     <span class='ocr_line' id='line_1_40' title="bbox 241 3756 1311 3823; baseline 0.006 -19"><span class='ocrx_word' id='word_1_367' title='bbox 241 3756 316 3819; x_wconf 84' lang='lat' dir='ltr'><strong>quasi</strong></span> <span class='ocrx_word' id='word_1_368' title='bbox 325 3765 474 3821; x_wconf 75' lang='lat' dir='ltr'><strong>parcerent,</strong></span> <span class='ocrx_word' id='word_1_369' title='bbox 483 3758 556 3823; x_wconf 86' lang='lat' dir='ltr'><strong>quasi</strong></span> <span class='ocrx_word' id='word_1_370' title='bbox 565 3758 776 3823; x_wconf 65' lang='lat' dir='ltr'><strong>venumdarent,</strong></span> <span class='ocrx_word' id='word_1_371' title='bbox 817 3762 878 3823; x_wconf 85' lang='lat' dir='ltr'><strong>nio;</strong></span> <span class='ocrx_word' id='word_1_372' title='bbox 896 3761 1020 3811; x_wconf 83' lang='lat' dir='ltr'><strong>subaudio</strong></span> <span class='ocrx_word' id='word_1_373' title='bbox 1031 3762 1057 3811; x_wconf 85' lang='lat' dir='ltr'><strong>ia</strong></span> <span class='ocrx_word' id='word_1_374' title='bbox 1069 3761 1174 3813; x_wconf 63' lang='lat' dir='ltr'><strong>mitian</strong></span> <span class='ocrx_word' id='word_1_375' title='bbox 1190 3762 1311 3811; x_wconf 84' lang='lat' dir='ltr'><strong>Vertrsn.</strong></span> 
     </span>
     <span class='ocr_line' id='line_1_41' title="bbox 242 3832 1351 3903; baseline 0.001 -21"><span class='ocrx_word' id='word_1_376' title='bbox 242 3832 319 3895; x_wconf 84' lang='lat' dir='ltr'><strong>quasi</strong></span> <span class='ocrx_word' id='word_1_377' title='bbox 335 3848 382 3897; x_wconf 83' lang='lat' dir='ltr'><strong>per</strong></span> <span class='ocrx_word' id='word_1_378' title='bbox 396 3833 570 3896; x_wconf 69' lang='lat' dir='ltr'><strong>cleaaentiarn,</strong></span> <span class='ocrx_word' id='word_1_379' title='bbox 586 3841 688 3884; x_wconf 89' lang='lat' dir='ltr'><strong>tantum</strong></span> <span class='ocrx_word' id='word_1_380' title='bbox 704 3842 776 3885; x_wconf 87' lang='lat' dir='ltr'><strong>artes</strong></span> <span class='ocrx_word' id='word_1_381' title='bbox 848 3838 988 3903; x_wconf 73' lang='lat' dir='ltr'><strong>dobqaurn</strong></span> <span class='ocrx_word' id='word_1_382' title='bbox 998 3837 1121 3900; x_wconf 71' lang='lat' dir='ltr'><strong>cultionem]</strong></span> <span class='ocrx_word' id='word_1_383' title='bbox 1151 3838 1188 3887; x_wconf 82' lang='lat' dir='ltr'><strong>Et</strong></span> <span class='ocrx_word' id='word_1_384' title='bbox 1202 3835 1351 3901; x_wconf 86' lang='lat' dir='ltr'><strong>propteril·</strong></span> 
     </span>
     <span class='ocr_line' id='line_1_42' title="bbox 241 3908 1351 3979; baseline 0.002 -23"><span class='ocrx_word' id='word_1_385' title='bbox 241 3908 269 3956; x_wconf 90' lang='lat' dir='ltr'><strong>in</strong></span> <span class='ocrx_word' id='word_1_386' title='bbox 277 3911 376 3960; x_wconf 87' lang='lat' dir='ltr'><strong>scelera</strong></span> <span class='ocrx_word' id='word_1_387' title='bbox 384 3912 499 3975; x_wconf 88' lang='lat' dir='ltr'><strong>pollent:</strong></span> <span class='ocrx_word' id='word_1_388' title='bbox 517 3912 637 3963; x_wconf 85' lang='lat' dir='ltr'><strong>Vitellius</strong></span> <span class='ocrx_word' id='word_1_389' title='bbox 647 3912 775 3964; x_wconf 81' lang='lat' dir='ltr'><strong>‘liberunt</strong></span> <span class='ocrx_word' id='word_1_390' title='bbox 816 3916 867 3963; x_wconf 86' lang='lat' dir='ltr'><strong>lam</strong></span> <span class='ocrx_word' id='word_1_391' title='bbox 877 3915 1035 3979; x_wconf 73' lang='lat' dir='ltr'><strong>iniuriarnm&#39;</strong></span> <span class='ocrx_word' id='word_1_392' title='bbox 1045 3913 1239 3978; x_wconf 84' lang='lat' dir='ltr'><strong>provincialimu</strong></span> <span class='ocrx_word' id='word_1_393' title='bbox 1251 3910 1351 3959; x_wconf 77' lang='lat' dir='ltr'><strong>vindic-</strong></span> 
     </span>
     <span class='ocr_line' id='line_1_43' title="bbox 242 3982 1347 4056; baseline -0.001 -23"><span class='ocrx_word' id='word_1_394' title='bbox 242 3982 369 4052; x_wconf 83' lang='lat' dir='ltr'><strong>eimortis</strong></span> <span class='ocrx_word' id='word_1_395' title='bbox 380 3987 515 4039; x_wconf 82' lang='lat' dir='ltr'><strong>arbitrium</strong></span> <span class='ocrx_word' id='word_1_396' title='bbox 532 3989 664 4053; x_wconf 79' lang='lat' dir='ltr'><strong>permisit:</strong></span> <span class='ocrx_word' id='word_1_397' title='bbox 690 3996 719 4040; x_wconf 90' lang='lat' dir='ltr'><strong>et</strong></span> <span class='ocrx_word' id='word_1_398' title='bbox 736 4005 775 4040; x_wconf 91' lang='lat' dir='ltr'><strong>se·</strong></span> <span class='ocrx_word' id='word_1_399' title='bbox 816 3998 880 4056; x_wconf 89' lang='lat' dir='ltr'><strong>tam,</strong></span> <span class='ocrx_word' id='word_1_400' title='bbox 890 3992 966 4041; x_wconf 85' lang='lat' dir='ltr'><strong>simul</strong></span> <span class='ocrx_word' id='word_1_401' title='bbox 976 3992 1037 4056; x_wconf 86' lang='lat' dir='ltr'><strong>qnia</strong></span> <span class='ocrx_word' id='word_1_402' title='bbox 1055 3987 1221 4055; x_wconf 76' lang='lat' dir='ltr'><strong>praecedente</strong></span> <span class='ocrx_word' id='word_1_403' title='bbox 1236 3998 1304 4035; x_wconf 91' lang='lat' dir='ltr'><strong>anno</strong></span> <span class='ocrx_word' id='word_1_404' title='bbox 1315 3985 1347 4033; x_wconf 81' lang='lat' dir='ltr'><strong>c.</strong></span> 
     </span>
     <span class='ocr_line' id='line_1_44' title="bbox 242 4058 1347 4122; baseline 0 -13"><span class='ocrx_word' id='word_1_405' title='bbox 242 4064 306 4109; x_wconf 85' lang='lat' dir='ltr'><strong>eata</strong></span> <span class='ocrx_word' id='word_1_406' title='bbox 326 4068 386 4111; x_wconf 86' lang='lat' dir='ltr'><strong>aunt</strong></span> <span class='ocrx_word' id='word_1_407' title='bbox 405 4064 507 4115; x_wconf 82' lang='lat' dir='ltr'><strong>claudii</strong></span> <span class='ocrx_word' id='word_1_408' title='bbox 523 4066 603 4115; x_wconf 88' lang='lat' dir='ltr'><strong>rerba</strong></span> <span class='ocrx_word' id='word_1_409' title='bbox 618 4065 644 4115; x_wconf 91' lang='lat' dir='ltr'><strong>in</strong></span> <span class='ocrx_word' id='word_1_410' title='bbox 664 4067 775 4117; x_wconf 85' lang='lat' dir='ltr'><strong>eandem</strong></span> <span class='ocrx_word' id='word_1_411' title='bbox 814 4067 916 4118; x_wconf 80' lang='lat' dir='ltr'><strong>Silanus</strong></span> <span class='ocrx_word' id='word_1_412' title='bbox 936 4068 1044 4117; x_wconf 85' lang='lat' dir='ltr'><strong>similem</strong></span> <span class='ocrx_word' id='word_1_413' title='bbox 1063 4066 1096 4115; x_wconf 88' lang='lat' dir='ltr'><strong>cb</strong></span> <span class='ocrx_word' id='word_1_414' title='bbox 1117 4076 1218 4113; x_wconf 87' lang='lat' dir='ltr'><strong>causam</strong></span> <span class='ocrx_word' id='word_1_415' title='bbox 1242 4058 1347 4122; x_wconf 86' lang='lat' dir='ltr'><strong>punitus</strong></span> 
     </span>
     <span class='ocr_line' id='line_1_45' title="bbox 241 4135 1347 4207; baseline -0.006 -15"><span class='ocrx_word' id='word_1_416' title='bbox 241 4136 423 4186; x_wconf 61' lang='grc' dir='ltr'><strong>0181110ῠῶῠῖ</strong></span> <span class='ocrx_word' id='word_1_417' title='bbox 454 4141 532 4192; x_wconf 79' lang='lat' dir='ltr'><strong>Quod</strong></span> <span class='ocrx_word' id='word_1_418' title='bbox 549 4148 579 4190; x_wconf 85' lang='lat' dir='ltr'><strong>et</strong></span> <span class='ocrx_word' id='word_1_419' title='bbox 596 4143 723 4207; x_wconf 69' lang='lat' dir='ltr'><strong>arguitin</strong></span> <span class='ocrx_word' id='word_1_420' title='bbox 734 4156 775 4193; x_wconf 84' lang='lat' dir='ltr'><strong>se·</strong></span> <span class='ocrx_word' id='word_1_421' title='bbox 814 4141 910 4207; x_wconf 83' lang='lat' dir='ltr'><strong>fuerat,</strong></span> <span class='ocrx_word' id='word_1_422' title='bbox 926 4143 1002 4191; x_wconf 85' lang='lat' dir='ltr'><strong>urbes</strong></span> <span class='ocrx_word' id='word_1_423' title='bbox 1021 4140 1145 4191; x_wconf 80' lang='lat' dir='ltr'><strong>Asiaticae</strong></span> <span class='ocrx_word' id='word_1_424' title='bbox 1164 4135 1347 4199; x_wconf 78' lang='lat' dir='ltr'><strong>decreverunt,</strong></span> 
     </span>
     <span class='ocr_line' id='line_1_46' title="bbox 241 4211 1215 4293; baseline 0 -31"><span class='ocrx_word' id='word_1_425' title='bbox 241 4218 304 4262; x_wconf 89' lang='lat' dir='ltr'><strong>natu</strong></span> <span class='ocrx_word' id='word_1_426' title='bbox 316 4211 387 4262; x_wconf 83' lang='lat' dir='ltr'><strong>Nero</strong></span> <span class='ocrx_word' id='word_1_427' title='bbox 404 4212 487 4265; x_wconf 82' lang='lat' dir='ltr'><strong>fretus</strong></span> <span class='ocrx_word' id='word_1_428' title='bbox 498 4217 646 4283; x_wconf 82' lang='lat' dir='ltr'><strong>eloquentia</strong></span> <span class='ocrx_word' id='word_1_429' title='bbox 655 4218 774 4282; x_wconf 69' lang='lat' dir='ltr'><strong>Smne,</strong></span> <span class='ocrx_word' id='word_1_430' title='bbox 814 4226 843 4270; x_wconf 91' lang='lat' dir='ltr'><strong>ut</strong></span> <span class='ocrx_word' id='word_1_431' title='bbox 853 4219 977 4293; x_wconf 80' lang='lat' dir='ltr'><strong>templum</strong></span> <span class='ocrx_word' id='word_1_432' title='bbox 988 4222 1156 4278; x_wconf 85' lang='lat' dir='ltr'><strong>statueretur,</strong></span> <span class='ocrx_word' id='word_1_433' title='bbox 1167 4216 1215 4287; x_wconf 77' lang='lat' dir='ltr'><strong>&amp;u</strong></span> 
     </span>
    </p>
   </div>
   <div class='ocr_carea' id='block_1_8' title="bbox 0 0 1584 4917">
    <p class='ocr_par' dir='ltr' id='par_1_9' title="bbox 0 0 1584 4917">
     <span class='ocr_line' id='line_1_47' title="bbox 0 0 1584 4917; baseline 0 1"><span class='ocrx_word' id='word_1_434' title='bbox 0 0 1584 4917; x_wconf 95' lang='lat' dir='ltr'><strong> </strong></span> 
     </span>
    </p>
   </div>
  </div>
 </body>
</html>
