3159 4917
297 367 366 437 916
655 380 893 435 o.·coarrnnu
914 378 1042 432 rsorrr
1240 382 1288 449 [n
1300 386 1411 441 nm

297 529 452 604 uctemm
465 521 633 611 plurimisl
648 522 839 589 mortalium
860 542 927 589 non
947 518 1149 600 eximitur,³¹
1167 521 1247 606 quin
1269 524 1408 609 ‘primo

297 629 459 715 cujusque
469 634 544 693 ona
552 633 691 694 ventura
699 627 919 693 destinentur:
936 627 997 691 sed
1009 624 1161 707 quaedam
1175 644 1286 704 seona,
1298 644 1406 709 quan

296 730 480 807 dictasint,
507 729 635 805 cadere,
657 728 803 792 fallaciis
817 728 929 810 ignara
943 726 1121 791 dicentium
1132 734 1163 789 :³¹
1176 727 1227 793 ita·
1237 728 1407 811 corrumpi

192 824 198 834 ’
295 832 394 899 fidem
406 832 498 908 ortis,
522 831 617 914 cujus
632 829 724 893 clara
732 827 933 891 documenta
947 830 1002 891 οἵ*
1017 828 1158 911 antiqua
1173 832 1257 902 aetas
1274 834 1306 891 et
1319 846 1405 903 non*

295 939 363 999 nae
385 929 516 998 tulerit?
560 930 696 1014 Quippe
720 948 742 993 a
763 929 834 992 tilio
848 928 1000 1011 ejusdem
1014 929 1182 1012 Thrasylli
1202 928 1404 1013 praedictum

297 1108 447 1162 acilorente
458 1109 753 1223 fortuna‘iperp'rndenter
768 1112 884 1158 utantur.
918 1110 1030 1159 Ceteram
1050 1108 1168 1173 plerisque
1186 1106 1304 1157 dominans
1323 1108 1405 1159 innita

297 1175 400 1240 pesitus
410 1175 555 1238 opinionon
627 1174 683 1235 ἠν,
692 1174 748 1237 pain
758 1173 840 1235 prima
852 1172 977 1236 cujusque
989 1172 1096 1237 genitali
1107 1172 1179 1233 liora,
1188 1170 1274 1223 tirtnra
1284 1180 1312 1221 et
1321 1173 1405 1222 inuti—

296 1240 378 1289 neaiin
389 1239 572 1303 disponantur:
583 1237 630 1298 sed
646 1239 767 1287 nonnnlla
778 1236 898 1286 accidere
910 1238 993 1301 aliter,
1010 1239 1092 1303 qnam'
1098 1238 1226 1301 praedicta
1236 1237 1296 1301 rint,
1306 1235 1403 1287 frande

297 1303 435 1362 nominum,
445 1303 490 1367 qui
500 1303 590 1364 ignota
601 1302 697 1351 docent
708 1319 715 1361 3
725 1303 761 1351 sic
773 1298 927 1350 labefactari
938 1300 1016 1350 fidem
1032 1300 1159 1361 scientim,
1179 1302 1253 1365 cujus
1262 1298 1405 1350 manifesta

296 1369 467 1433 exemplam
482 1367 634 1431 specimina,
644 1373 674 1417 at
684 1368 770 1430 prisca
787 1372 852 1416 setas
870 1372 899 1415 at
915 1372 1003 1416 nostra
1020 1365 1178 1417 exhibuerit.
1212 1367 1276 1416 Non
1296 1366 1406 1415 Neronia

297 1626 367 1674 qnam
378 1610 543 1672 ningen<
556 1581 619 1662 ne'et
630 1610 709 1675 ,prins
725 1610 832 1677 oretum,
843 1610 976 1662 sicennam
986 1609 1050 1659 nse.
1066 1606 1200 1657 rnen-a
1216 1606 1258 1657 tn
1268 1606 1319 1656 nn.
1330 1589 1405 1657 noi.

297 1674 426 1724 editiones
437 1683 538 1725 veteres
549 1682 577 1725 et
587 1677 759 1726 recentiores.
784 1677 825 1727 -ln
837 1677 925 1739 paucia
938 1673 1054 1725 lllrenanl
1069 1678 1098 1721 et
1114 1672 1222 1721 aliorum
1233 1670 1405 1733 editionibus,

297 1737 429 1867 zaim
437 1740 489 1852 ἐξα
507 1740 559 1790 lis.
582 1740 651 1790 Flor.
669 1741 797 1790 editiones
819 1748 919 1790 retcrea
943 1747 973 1819 et
990 1736 1157 1817 recentiores.
1190 1736 1222 1787 ln
1241 1734 1407 1837 intermediis

796 1900 903 1954 NO'l’AE

329 2010 341 2045 ¹¹
359 2015 470 2061 Celemna
475 2011 596 2075 plarian
604 2013 828 2078 Ceterumqoam·
869 2011 977 2076 predict
988 2010 1083 2076 potnit.
1099 2006 1405 2072 Pernanaostentmper

296 2084 425 2136 slsiatnrn
434 2102 475 2136 rcs
484 2088 630 2137 mortalium
639 2102 690 2137 nou
699 2095 772 2149 repat
781 2102 829 2151 per
868 2088 975 2153 aquilas,
1002 2102 1051 2151 per
1073 2100 1135 2136 aves
1155 2086 1228 2146 alias,
1249 2098 1297 2148 per
1324 2082 1403 2133 arbo·

297 2176 375 2226 vagas
383 2162 473 2211 stellas
484 2179 492 2221 ;
503 2162 619 2225 quamvis
631 2178 678 2225 per
690 2163 828 2227 principia,
869 2177 923 2213 rea:
936 2162 974 2213 sic
991 2162 1090 2227 gallina
1101 2162 1192 2219 Lirim,
1202 2159 1240 2210 sic
1258 2161 1403 2213 lauretum

295 2242 418 2288 etnexus
433 2250 569 2285 cansarum
583 2251 642 2286 curn
658 2239 711 2286 suia
729 2236 830 2288 effecti·
870 2240 1000 2291 Coesarnm
1018 2236 1239 2289 ostentantium
1253 2236 1302 2309 'sic
1323 2236 1403 2287 arbor

296 2313 355 2373 bas,
371 2316 460 2361 certus
477 2316 506 2361 et
521 2310 643 2363 immotus
660 2328 748 2364 raram
763 2315 828 2365 ordo
869 2314 1032 2377 Vespasiani,
1052 2328 1110 2378 quse
1127 2318 1258 2377 prostrata
1279 2310 1405 2374 strinxit,

293 2388 461 2451 lmpendeat3
492 2393 608 2439 attamen
633 2404 684 2441 non
705 2393 829 2443 eximitur
869 2386 1227 2455 etduraritnsqneadfinem
1240 2386 1403 2447 Domitiani3

295 2464 427 2530 plerisque
463 2465 610 2514 mortalium
639 2465 696 2516 lraec
721 2468 827 2531 opinio;
869 2478 916 2527 per
926 2466 994 2529 ipsos
1005 2465 1147 2529 inaapices,
1165 2463 1208 2528 qni
1222 2462 1284 2514 talia
1294 2468 1405 2513 ostenta

296 2539 358 2604 quin
368 2540 460 2603 prirna,
476 2554 522 2588 aen
533 2541 660 2605 cujusque
667 2542 775 2604 genitali
784 2545 828 2593 lro·
867 2540 1118 2604 interpretabantur.

294 2627 337 2677 ra,
346 2612 435 2665 intnra
446 2612 609 2664 destinentur
616 2616 750 2678 omnibns,
765 2618 828 2682 quin
900 2616 987 2665 Etiam
999 2630 1047 2678 per
1058 2616 1233 2678 Metopnmopos
1248 2614 1353 2665 Sueton.
1373 2614 1403 2664 in

295 2696 325 2739 et
343 2688 449 2752 pudici
460 2688 539 2737 etiam
548 2690 658 2754 possint,
667 2705 828 2757 quacumque
867 2690 926 2739 'lito
937 2694 961 2739 2.
973 2690 1007 2739 de
1018 2690 1187 2740 Britannico:
1204 2690 1212 2717 ⁴
1225 2690 1284 2741 Quo
1294 2688 1402 2753 quiden

296 2770 354 2815 arte
363 2765 390 2813 id
400 2763 458 2816 fiat.
868 2765 1402 2829 ternporeaiunt,lsletoposenpumaNar·

327 2838 390 2889 Sire
408 2845 500 2905 regant
517 2847 589 2891 astra
608 2841 697 2907 vitam,
708 2843 829 2893 siretan·
867 2842 934 2892 cisso
956 2839 1060 2891 Clnndil
1083 2840 1177 2891 liberto
1201 2839 1353 2903 adhibitum,
1370 2848 1402 2890 nt

296 2921 353 2967 turn
373 2922 513 2981 sequantur
532 2931 631 2982 canses,
652 2927 698 2969 aut
708 2919 758 2969 sint
769 2920 827 2983 ipsa
867 2916 1046 2966 Britannicam
1069 2914 1220 2979 inspiceret,
1247 2916 1402 2965 constantis·

294 2994 365 3043 inter
374 3008 472 3056 causas,
483 2998 528 3043 urst
540 3008 659 3045 connexa
669 3009 726 3045 cunr
735 2994 828 3059 causis,
866 2994 929 3043 sime
950 2990 1100 3054 affirmasse,
1121 2992 1193 3041 illurn
1209 2990 1311 3056 quidem
1327 2990 1401 3041 nullo

295 3066 664 3121 etslrnnlindicenteffectnt.
696 3071 827 3122 Quocum·
866 3068 953 3132 modo,
962 3075 1078 3119 ceterum
1088 3068 1184 3131 Titum,
1192 3067 1235 3132 qui
1245 3074 1306 3119 tune
1315 3080 1400 3131 prope

295 3157 346 3209 que
368 3143 455 3205 modo,
481 3149 567 3193 tamen
589 3143 754 3193 destinantur
774 3158 826 3207 res,
867 3142 1286 3209 astabat,ntiqneimperatnrurn)

295 3218 542 3282 prescinntnrquen
553 3218 714 3281 peritissimis
725 3220 827 3270 Mathe·
860 3274 862 3279 ,
900 3218 954 3269 Per
965 3220 1080 3269 carmina
1098 3224 1209 3283 vetusta,
1223 3234 1271 3283 per
1281 3218 1404 3271 sacerdo·

295 3293 407 3342 maricis.
438 3292 630 3357 Sicimperinm
640 3294 745 3345 Tiberio
761 3310 828 3360 prm·
868 3300 918 3357 tes,
930 3309 978 3358 per
990 3300 1064 3344 rates
1083 3292 1210 3356 immines,
1228 3309 1276 3357 per
1287 3294 1403 3359 oracula,

294 3366 364 3416 dixit
382 3367 539 3433 thrasyllus,
554 3370 592 3419 sic
603 3369 702 3419 Neroni
712 3371 827 3435 ejusdem
868 3384 916 3434 per
925 3378 1019 3435 sortes,
1028 3386 1076 3435 per
1085 3372 1192 3435 somnia,
1201 3387 1249 3437 per
1260 3373 1316 3437 ipsa
1324 3373 1403 3425 minn-

296 3442 426 3506 Tlrrasylli
436 3442 512 3507 tilius,
522 3445 576 3509 qni,
588 3451 617 3494 ut
627 3451 700 3508 puto,
717 3452 746 3495 et
763 3460 828 3509 prte-
867 3448 944 3497 cula:
962 3448 1023 3519 quid
1035 3448 1139 3499 dicam?
1161 3453 1218 3499 toto
1236 3449 1312 3513 coelo,
1327 3448 1404 3499 totis-

295 3517 366 3568 dixlt
383 3516 547 3583 Agrippinae,
567 3520 756 3583 imperaturum
782 3520 831 3571 fili·
868 3537 918 3586 que
937 3521 1000 3574 satis
1023 3523 1226 3575 monstrantibus
1245 3523 1402 3594 principem,

261 3599 264 3606 “
297 3592 543 3655 um,etoccisurnrn
553 3599 671 3643 matrem.
868 3599 946 3650 immo
966 3600 1020 3664 ipso
1039 3592 1165 3663 consensu
1186 3600 1265 3663 orbis,
1284 3598 1355 3651 sama
1368 3608 1402 3651 et

329 3666 411 3719 ¹an
419 3669 545 3733 omniur]
558 3668 590 3719 ld
602 3675 653 3733 est,
663 3684 714 3719 non
723 3669 830 3723 obstant
868 3674 988 3737 opinione
1012 3676 1124 3725 oninium
1148 3664 1304 3739 mortitium,
1326 3677 1401 3727 velut

294 3746 363 3809 ham,
380 3745 443 3810 quin
460 3741 596 3810 plerisque
606 3747 753 3797 mortalium
770 3764 830 3799 ven·
868 3744 974 3800 afflante
985 3751 1099 3800 numine.
1122 3750 1399 3817 Reputaquidetiam-

170 3810 175 3817 ’
275 3834 279 3840 ·
297 3830 358 3875 tura
379 3820 516 3885 futuraque
532 3821 703 3888 destinentur,
720 3824 830 3889 genitali
868 3838 928 3873 num
940 3832 1019 3891 agant
1042 3826 1167 3889 Chaldaei,
1183 3842 1230 3877 sen
1246 3828 1317 3891 Magi
1328 3829 1399 3893 apud

296 3900 371 3951 pm,
868 3898 1007 3951 Persarum
1028 3902 1112 3966 Regna
1128 3903 1256 3969 hodieque
1267 3902 1399 3960 florentes.

329 3980 348 4006 ¹
363 3972 513 4037 nimitum]
538 3972 598 4023 Hoc
622 3974 680 4024 loco
704 3975 829 4041 intelligit
860 4006 864 4013 ·
900 3982 913 4008 ²
929 3977 1232 4043 Aniipmoetmrtnortrn]
1257 3980 1399 4045 Imperium

295 4049 431 4113 praecipue
441 4050 651 4113 Mathematicos,
661 4051 706 4115 qni
717 4060 828 4103 ventura
869 4051 1014 4116 predixere
1021 4050 1138 4117 Augusto
1143 4056 1321 4108 Mathematici
1328 4058 1400 4122 apud

297 4125 448 4187 praesciunt.
479 4124 605 4175 Attamen
613 4126 689 4176 aliter
697 4143 827 4192 qnamper
867 4126 1045 4193 Apolloniam
1063 4136 1091 4179 et
1100 4128 1225 4197 Agrippa
1243 4134 1400 4196 potcntlsrn,

298 4196 435 4249 chaldeos
445 4206 474 4251 et
484 4199 827 4267 Mathematicosimperinrn
867 4188 1188 4277 etTiberio'Tlrrasyllnm
1202 4200 1400 4281 idemThrmpl·
