3159 4917
319 430 388 497 502
664 445 696 493 c.
721 440 901 491 consents
925 439 1052 490 usurus
1258 444 1438 510 [suan.

214 675 221 682 .
321 590 420 668 ueris:
434 588 684 670 tabularumque
697 584 893 651 miraculal‘
911 585 1119 671 promiscuas
1128 582 1212 651 uiris
1226 590 1260 651 et
1271 584 1436 652 imminis

320 770 377 809 rum
390 756 539 822 imaginun,
551 756 748 820 tabularumque
759 752 893 820 prodigia?
910 753 1001 804 eudem
1015 751 1077 803 siris
1088 758 1117 802 et
1130 750 1280 803 mulieribus
1296 752 1437 819 tegmina,

820 890 927 942 ΝΟΜ

320 1012 562 1063 netuDemetrlurn
570 1013 755 1077 Pompeianum
763 1026 850 1075 rocas,
891 1018 955 1075 tum,
965 1011 1077 1075 aprlsca
1087 1009 1254 1067 continentia,
1271 1007 1356 1072 spatio
1376 1022 1432 1057 ara·

321 1102 398 1153 quem
413 1102 464 1137 uon
481 1088 573 1152 puduit
589 1088 784 1151 locupletiorem
795 1102 851 1136 esse
890 1103 991 1151 norum,
1010 1086 1139 1152 posterior
1154 1088 1221 1137 Cato
1237 1085 1358 1149 discedit,
1379 1094 1431 1136 ut·

321 1162 463 1225 Pompeio?
480 1177 602 1225 numerus
618 1162 655 1212 llll
672 1162 788 1227 quotidie
797 1177 851 1212 ser·
891 1170 952 1229 pote
963 1165 990 1214 in
1001 1164 1109 1214 civitate
1115 1163 1171 1227 jam
1181 1163 1270 1224 diuite,
1285 1169 1313 1211 et
1326 1163 1432 1213 latitia

321 1251 422 1299 rorum,
440 1238 511 1287 velut
539 1238 690 1302 imperatori
712 1239 851 1299 exercitus,
890 1240 1116 1303 gaudentemtus.
1141 1240 1266 1288 letamen
1274 1237 1433 1288 cumbeilis

323 1310 501 1362 referebatur:
530 1313 571 1362 cui
582 1314 735 1376 jamdudum
752 1313 851 1363 divitiae
891 1316 1009 1371 civilibus
1019 1316 1166 1375 interesset,
1181 1312 1262 1361 tilium
1272 1319 1430 1361 secumtra·

322 1400 380 1435 esse
399 1386 543 1437 debuerant
562 1388 613 1437 duo
632 1388 720 1452 ricerii
740 1396 768 1437 et
785 1389 852 1438 oells
891 1392 964 1453 bens,
972 1390 1107 1440 duodecim
1116 1403 1202 1438 uersos
1210 1388 1308 1449 habult,
1315 1401 1428 1437 numero
1450 1400 1454 1408 ·

323 1462 424 1513 laxior?
891 1468 988 1530 plures,
998 1480 1074 1531 quam
1088 1465 1213 1527 superior,
1223 1471 1367 1527 temporum
1384 1463 1426 1513 oi-

354 1540 405 1588 'l'ot
427 1538 505 1600 servi,
520 1539 539 1587 si
552 1539 611 1589 Deo
622 1540 720 1602 placet,
734 1540 778 1588 uni
800 1554 852 1588 ser·
893 1542 972 1590 uersis
984 1540 1107 1601 moribus,
1118 1537 1269 1602 pauciores!

322 1627 363 1663 so.
392 1614 431 1664 Ut
447 1628 497 1663 non
515 1614 609 1679 injurie
626 1622 750 1679 queratur
760 1622 788 1664 et
799 1615 852 1663 cul·
923 1618 1087 1680 *Argenta
1102 1615 1157 1666 assi
1169 1614 1272 1679 postu]
1288 1613 1425 1663 Cornelius

323 1696 368 1754 pet
380 1691 479 1740 Plinius
489 1708 496 1751 ;
514 1692 522 1719 ‘
533 1691 718 1754 mancipiorum
731 1691 853 1755 legiones,
892 1692 1002 1742 Rufinus
1012 1692 1109 1742 Senatu
1120 1700 1206 1741 motus
1216 1698 1258 1740 est
1268 1705 1284 1739 ι
1293 1687 1426 1752 Fabricio,

322 1772 349 1816 et
360 1767 386 1815 in
397 1767 474 1816 domo
493 1768 594 1815 turbam
606 1775 750 1829 externam,
762 1774 789 1816 et
800 1782 853 1815 ser-
893 1766 960 1831 quod
970 1772 1009 1815 ro.
1021 1766 1108 1831 pondo
1116 1781 1176 1816 vasa
1188 1771 1424 1828 argenteacompa·

322 1856 524 1907 eorumquoque
540 1857 618 1892 causa
633 1843 853 1893 nomenclatorem
893 1850 985 1893 rasset.
1001 1842 1058 1892 val.
1076 1842 1204 1891 Maximus
1217 1843 1243 1889 .l.
1263 1855 1295 1889 ιι.
1336 1840 1424 1891 Livias

322 1916 512 1967 cohibendum!
893 1918 981 1967 lass.
997 1917 1089 1980 virgil.
1123 1917 1209 1966 ‘Sunt
1228 1915 1284 1965 auri
1307 1914 1424 1979 pondera

356 1994 473 2043 Fuerunt
492 1995 571 2043 etiam
588 1994 648 2044 olim
670 1993 778 2045 Athenis
794 1999 852 2045 toll.
893 1991 966 2056 facti,
982 1989 1131 2056 lut'ectique
1146 1990 1223 2041 mni:
1240 1990 1318 2039 Silius
1329 1990 1346 2038 l.
1357 2001 1423 2038 xrrr.

323 2066 405 2123 suillis
420 2083 559 2118 serrorum.
586 2069 749 2133 lnucyttdes
761 2078 853 2121 auctor
891 2068 969 2116 ‘Nec
979 2065 1423 2129 modnsargento,ooelataquepon·

324 2150 374 2204 est,
384 2157 417 2192 cx
429 2158 458 2191 ιι
469 2146 541 2209 urbe,
548 2144 617 2194 bello
624 2145 854 2208 Peloponnesiaco,
893 2142 957 2192 (iera
973 2140 1037 2191 l'aoti
1048 2142 1158 2191 Tantum
1175 2140 1259 2203 epulis
1280 2138 1355 2188 auri!
1372 2138 1424 2187 Aa·

324 2216 402 2281 idque
422 2232 472 2268 uno
490 2224 616 2281 tempore,
632 2219 801 2283 transfugisse
820 2220 853 2269 ad
892 2218 973 2269 reliso.

324 2288 424 2342 bostem
442 2295 621 2359 superriginti
639 2297 733 2347 millia:
752 2301 780 2345 et
798 2298 854 2359 qui·
926 2292 1042 2357 Argenti]
1064 2292 1178 2343 Ausasa
1197 2306 1276 2357 sures
1289 2296 1367 2355 atque
1382 2304 1422 2340 ar·

324 2366 384 2416 dem
396 2382 538 2432 servorum,
550 2371 593 2435 qui
605 2372 749 2421 msnuarlas
760 2386 854 2435 operas
894 2377 991 2433 gentes
1007 2368 1124 2421 immensi
1140 2368 1277 2433 ponderis?
1292 2382 1326 2417 su
1342 2380 1422 2417 screo-

324 2450 485 2494 exercerent.
892 2460 949 2499 mm
971 2446 1101 2509 signorum
1124 2445 1320 2509 tabularumque
1342 2443 1423 2510 picta·

356 2519 486 2571 Quantam
495 2522 544 2571 rim
556 2522 582 2571 lu
599 2522 663 2572 urbe
674 2522 799 2587 suspicari
809 2522 853 2571 ‹le-
893 2537 959 2586 runs,
977 2528 1080 2582 ostento
1103 2523 1245 2587 proximam
1267 2520 1421 2585 elegantiam

324 2593 412 2644 bernus
431 2594 511 2645 fuisse
530 2598 670 2662 reliquom?
688 2600 769 2647 verba
789 2598 855 2663 ejus,
894 2599 1048 2665 curemque?

324 2670 380 2722 brec
396 2672 413 2721 1.
425 2686 473 2722 ιιι.
507 2675 515 2702 ‘
528 2674 633 2737 Quippe
644 2673 816 2724 Athenienses
827 2687 855 2727 ιιι
926 2673 1024 2738 ⁸liris]
1035 2669 1422 2738 ‘Objeoitaccusatorcamillm

324 2746 426 2798 niversa
438 2748 543 2812 regione
554 2749 627 2798 exuti
638 2748 769 2813 ejectique
786 2753 856 2810 sunt,
895 2752 965 2816 quod
984 2756 1065 2800 crata
1080 2750 1146 2799 ostia
1164 2748 1273 2800 baberet
1290 2748 1317 2795 ln
1328 2744 1421 2808 domo,'

326 2821 597 2885 aeserrorumviginti
614 2822 693 2871 millia
709 2822 856 2885 etamplius
897 2826 935 2874 ais
952 2824 1020 2874 Plin.
1038 2825 1057 2873 l.
1076 2836 1175 2874 xxxiv.
1195 2838 1220 2871 c.
1240 2826 1265 2871 t.
1288 2820 1366 2870 ovid.
1382 2832 1421 2869 vs.

325 2897 532 2961 mansingersnn
549 2897 610 2946 ethi
619 2896 730 2965 manime
739 2902 855 2963 exparte
898 2902 970 2950 Fast.
990 2902 999 2929 ‘
1007 2900 1073 2957 Quse
1084 2914 1153 2949 nunc
1164 2913 1217 2949 scre
1227 2898 1320 2959 nitent,
1329 2896 1422 2960 stipulo

325 2975 437 3041 operarii
448 2990 492 3025 seu
504 2972 636 3026 artifices!
896 2974 1189 3039 tunctectssirebant!
1222 2973 1346 3023 Luxuries
1365 2970 1420 3021 eris

359 3050 516 3103 roseum
541 3064 663 3107 umus
689 3056 714 3099 et
739 3050 857 3114 suo-es]
897 3056 924 3104 in
935 3054 1104 3118 candelabris,
1119 3052 1146 3101 iu
1163 3052 1339 3103 columnarum
1355 3048 1421 3112 capi·

327 3124 422 3187 Omnia
433 3125 488 3177 lraec
498 3124 602 3188 proprie
612 3123 772 3186 aecipiendi·
788 3126 855 3174 0⁰¹¹·
896 3130 977 3193 tellis,
987 3137 1015 3180 et
1026 3128 1152 3193 pedibus3
1168 3128 1246 3177 etiam
1259 3128 1284 3174 iu
1293 3124 1422 3188 columnis,

326 3200 455 3249 statenim
467 3200 534 3255 (lites
545 3200 603 3249 illos
619 3206 697 3265 atque
712 3200 857 3251 luxuriosos
895 3208 922 3255 in
947 3207 1074 3257 lectorum
1093 3218 1287 3269 mensarumque
1307 3202 1420 3267 pedibus,

326 3276 352 3325 in
375 3275 457 3342 servis
475 3274 601 3343 emendis,
621 3274 756 3337 plurimum
777 3276 856 3341 etiam
895 3282 1101 3343 intricllulis‚et
1113 3279 1208 3338 abacis.

328 3348 361 3399 sd
377 3342 488 3411 na'tipnis
502 3349 632 3399 delectum
649 3352 803 3417 respexisse,
818 3361 856 3402 st·
927 3358 980 3407 Per
990 3356 1020 3404 rb
1028 3354 1093 3419 aris,
1102 3356 1235 3421 precipue
1242 3354 1365 3421 iutelligit
1374 3355 1420 3421 sig·

328 3438 379 3489 que
389 3424 507 3487 proinde,
524 3438 581 3474 oum
592 3424 706 3497 tllversas
717 3428 743 3478 in
760 3428 858 3479 familia
894 3446 1022 3498 namuco.

327 3500 445 3549 ustiones
466 3499 603 3564 baberent,
622 3502 649 3552 in
666 3518 713 3553 eas
734 3509 856 3569 tanquam
926 3504 1138 3569 trahimusque
1155 3504 1281 3569 nimio]
1308 3504 1334 3555 0
1352 3517 1420 3569 egre·

328 3576 432 3637 choses,
442 3576 522 3639 ipsam
534 3578 704 3631 distribuisse.
720 3581 788 3630 vioe
798 3596 857 3632 auc·
896 3582 967 3647 pium
990 3582 1136 3631 censorem!
1157 3582 1210 3646 qui,
1227 3588 1298 3632 teste
1317 3581 1419 3632 Suetou.

328 3658 409 3715 tores,
416 3665 479 3715 quos
490 3651 626 3719 Pignorius
639 3654 756 3721 adducit,
763 3664 792 3707 et
802 3670 858 3707 uos·
896 3658 924 3707 in
939 3669 1042 3708 secessu
1060 3657 1210 3722 capuensi,
1221 3658 1357 3709 ‘cubiculs
1371 3658 1421 3724 plu·-v

329 3733 398 3777 trum
409 3730 520 3777 nult.
537 3728 647 3779 Freisslt.
896 3730 1011 3782 rlfarlam
1023 3731 1150 3797 disposita
1167 3733 1270 3796 tsbellis
1288 3748 1319 3784 ac
1335 3733 1420 3797 sigillis

360 3802 529 3868 Postiliones]
545 3806 631 3857 Luxus
648 3807 692 3857 ille
706 3814 797 3858 suctus
808 3816 859 3860 ste·
897 3808 1118 3862 lasciuissimarum
1128 3811 1287 3884 picturarum
1298 3809 1420 3875 etrigurs·

329 3878 436 3929 timaeo
449 3886 505 3930 toto
523 3882 617 3931 sncrrlo
632 3896 810 3951 seseprorsus
821 3886 858 3936 et'·
898 3900 955 3935 rmn
966 3886 1109 3949 adornavit,
1116 3888 1240 3952 librisque
1248 3885 1421 3952 Elephantidis

329 3954 405 4007 ludit.
425 3956 513 4008 Valer.
530 3959 547 4009 l.
565 3972 603 4009 ιν.
635 3960 720 4011 ‘Cato
740 3964 859 4028 superior
898 3962 1033 4011 iustruxit:
1050 3977 1084 4013 ne
1101 3960 1154 4027 cui',
1171 3964 1198 4013 iu
1218 3978 1299 4029 opera
1316 3961 1420 4023 edentis,

329 4030 439 4095 pclllbus
455 4032 564 4083 haedinis
581 4048 627 4098 pro
639 4038 759 4102 stregulls
770 4037 860 4088 utebs·
898 4037 1182 4101 exemplarimpetratn
1194 4039 1303 4089 schemas
1313 4036 1420 4087 deesets'

330 4111 382 4169 tur,
398 4106 532 4173 tribusque
551 4110 633 4160 serris
652 4112 788 4162 comitatus
800 4110 860 4162 liis·
931 4112 1141 4168 Qui‘Psrrhssii
1151 4128 1253 4180 quoque
1266 4112 1421 4175 tabulan‚iu

332 4178 433 4242 psninm
444 4184 521 4246 reris,
537 4183 627 4234 eodem
637 4185 706 4250 cibo,
715 4188 860 4253 eodemque
898 4202 950 4253 qus
970 4190 1105 4252 Meleagro
1115 4188 1240 4239 Atalanta
1255 4202 1301 4239 ore
1317 4188 1421 4252 morige-

331 4252 401 4316 rino,
410 4268 460 4323 quo
470 4263 567 4321 utute,
577 4264 722 4315 contentus.
748 4260 785 4315 m
796 4263 860 4315 mul·
897 4262 1159 4329 :sensimsensrm
1170 4262 1419 4327 subconditioneul
