3159 4917
215 475 349 540 ucat]
567 468 773 519 suusnrurr
801 473 873 522 nrn.
897 474 948 522 ιν.
1248 468 1314 533 677

218 601 357 671 secretu¹
369 622 503 689 quoque
516 602 602 691 ejus,
617 612 771 691 corrupte
782 626 901 689 uxore,
911 610 1140 693 prodebantur.

258 706 292 771 8.
315 706 419 788 Igitur
432 705 586 789 Sejanus,
608 709 840 775 maurontum
860 715 965 791 retus,
984 710 1099 795 deligit
1119 724 1312 796 venenum·

217 827 284 891 quo
297 808 456 891 paulatim
480 808 665 891 irrepente?
678 810 832 877 fortuitus
845 813 979 879 morbus
993 815 1253 883 assimulantur:
1276 817 1313 887 id

216 908 329 975 Druso
342 907 456 971 datum
475 927 534 991 per
548 907 700 993 Lygdum
720 913 916 995 spadonem,
932 920 971 980 ut
994 922 1071 981 octo
1094 925 1172 1001 post
1194 927 1313 985 anuos·

216 1010 383 1092 cognitum
410 1015 473 1074 est.
532 1008 685 1092 Ceterum
708 1012 875 1094 Tiberius,
899 1036 957 1099 per
979 1035 1091 1083 omues
1112 1020 1311 1086 valetudinis

119 1380 122 1384 .
208 1328 598 1391 fmatrugrsasoeesersar.
632 1330 754 1381 idllrsso
770 1332 1057 1399 oblatamprrlpsdsss
1072 1336 1244 1401 amolum
1259 1344 1311 1389 osta

212 1393 283 1443 uasis
300 1393 597 1457 dspsisssnpsrtssssst.
628 1394 1033 1463 Atliberisspertotssstesspas‚
1050 1403 1310 1463 quorsus-ortas
1349 1452 1352 1459 ‚

707 1547 815 1598 Nom

213 1652 296 1702 virtus
323 1650 367 1699 tila
392 1650 420 1699 iss
447 1650 541 1714 Sejaso
569 1651 628 1700 Dea
653 1650 743 1715 fcerit,
781 1659 876 1704 maret.

212 1730 568 1797 qusdrsnnmetridlcoluur
579 1729 667 1781 fuerit.
699 1730 742 1781 in·
813 1736 831 1763 ¹
849 1730 943 1793 Dsllgit
960 1730 1083 1795 maara]
1103 1732 1166 1783 lale
1182 1747 1308 1785 venenum

211 1810 302 1875 tellige
319 1810 450 1860 orandsni'
461 1824 516 1859 esse
530 1810 682 1860 modestiam
696 1810 742 1860 Se·
778 1804 827 1855 sibi
839 1806 1053 1872 Carthaginenses
1065 1808 1167 1859 dedisse
1179 1809 1245 1861 dixit
1257 1812 1306 1861 lte-

205 1887 269 1951 juso
280 1887 349 1949 Diis,
360 1888 401 1935 vel
416 1887 503 1951 potius
517 1886 640 1944 orandam
657 1886 740 1949 ipsam
780 1882 864 1945 gntus,
875 1896 925 1932 usu
936 1886 1168 1948 presentaueum,‘
1180 1885 1226 1935 sed
1242 1887 1307 1951 ejus·

208 1962 299 2026 sejmt
318 1961 482 2022 modestiam,
503 1974 549 2009 seu
570 1960 654 2023 ipsum
670 1960 741 2025 Seja·
778 1956 859 2017 modi,
878 1958 946 2021 quod
968 1964 1078 2008 mortem
1109 1959 1253 2024 proferret:
1275 1976 1307 2012 eo
1360 2014 1367 2029 ,

209 2052 271 2088 num
281 2046 311 2088 ut
323 2043 496 2102 temperaret;
508 2036 556 2085 sibi
564 2036 636 2099 uelit,
646 2051 739 2100 nempe
778 2032 895 2094 consilio,
906 2041 935 2084 ut
944 2035 1045 2085 uiseret
1056 2035 1159 2099 quidem
1168 2038 1307 2103 tantisper,

208 2114 350 2179 rogandum
372 2128 428 2163 esse
447 2113 571 2176 sejanum
592 2112 687 2175 ipsum,
710 2119 740 2162 ut
777 2108 862 2173 quoad
874 2107 1131 2173 deretpermotstlo:
1148 2119 1208 2175 post
1220 2120 1307 2164 auteur

207 2190 360 2240 modestiam
368 2188 490 2258 exhibere
498 2194 526 2239 et
534 2194 673 2239 contentus
681 2202 737 2239 esse
777 2192 911 2247 armante
929 2186 1023 2236 sensim
1036 2200 1146 2247 veneno,
1157 2202 1203 2237 cor
1220 2190 1307 2240 tabes·

209 2265 370 2329 dignaretur.
394 2285 398 2293 ·
775 2260 872 2322 ceret3‘
889 2260 960 2326 (lego
976 2261 1159 2329 mstabesmret)
1177 2263 1247 2315 Geli.
1266 2278 1305 2319 vt.

241 2340 300 2392 Nec
321 2355 368 2404 par
385 2345 426 2390 est
444 2342 525 2402 locus,
544 2354 621 2405 quem
648 2340 736 2390 attulit
774 2340 800 2387 t.
1380 2347 1383 2351 ·

210 2414 310 2479 lipsius
322 2430 354 2465 ex
370 2417 454 2467 'l'actti
465 2416 511 2465 lib.
524 2416 590 2465 xv.⁸
601 2416 736 2478 Optimam
808 2412 1002 2477 'llreopbrastus
1023 2413 1069 2463 lib.
1091 2427 1133 2465 rx.
1152 2416 1205 2479 sapt
1225 2416 1304 2479 perata

207 2489 338 2542 fortunam
349 2492 481 2554 orandam,
489 2500 520 2542 ut
535 2491 615 2557 pedes
630 2490 736 2557 (Rorm-
775 2486 850 2551 brop.
867 2488 899 2535 de
916 2489 1028 2550 aconito,
1039 2489 1185 2538 mttere«
1196 2488 1231 2553 ti,
1242 2492 1305 2542 tore

207 2564 269 2629 nus)
279 2566 406 2616 confectis
416 2566 538 2616 itinerum
554 2568 653 2630 spatiis,
664 2567 735 2631 equi·
774 2562 837 2612 ms
846 2560 944 2627 χρόνους
951 2562 1052 2613 ruerem
1062 2564 1170 2628 ὺωρεῖν,
1180 2563 1230 2615 olor
1241 2566 1306 2627 dips-

207 2650 262 2693 tem
277 2642 457 2710 (Parthorum)
473 2643 673 2709 assequeretur(
689 2658 735 2693 seu
774 2636 948 2704 melpum,
960 2636 1080 2701 tedam,
1089 2639 1201 2703 tatewit,
1211 2640 1267 2693 robe
1278 2641 1305 2692 tl

206 2732 283 2768 cursu
294 2720 457 2785 adaequaret:
479 2733 521 2779 ne,
538 2733 642 2783 nempe,
658 2719 736 2783 legio·
775 2716 815 2766 καὶ
830 2716 871 2766 tio
883 2715 934 2776 dns.
966 2716 1031 2765 Mibl
1052 2723 1138 2767 tamen
1153 2716 1202 2765 hoc
1219 2717 1305 2769 uerisi-

208 2794 282 2845 nlbns
300 2796 374 2861 Rom.
395 2797 568 2860 contingeret,
587 2796 656 2861 quod
674 2796 735 2845 olim
774 2796 836 2843 mlle
852 2794 959 2844 nontit:
977 2808 1060 2843 causo
1073 2801 1133 2844 sunt
1144 2792 1270 2845 obscurae.
1329 2854 1330 2857 Ἴ

205 2871 299 2921 Crasso
315 2878 343 2922 et
359 2872 399 2921 Μ.
420 2872 541 2935 Antonio,
557 2878 588 2921 ut
603 2872 691 2936 equite
708 2877 735 2920 et
806 2870 883 2925 ”Quo
901 2870 1016 2935 palatios
1037 2868 1167 2933 irrepente]
1195 2869 1305 2935 Detegit

205 2946 307 3010 sagittis
313 2946 526 2995 Parthicisluultl
535 2946 660 3009 perirent.
670 2947 735 2995 Tum
775 2958 910 3006 venenum,
921 2944 989 3009 quod
1001 2958 1052 2993 oon
1067 2944 1155 2993 statim
1166 2944 1303 3008 extingue·

206 3019 556 3071 certemaximeorssdat'uit
569 3020 666 3083 Optisss
677 3020 736 3071 For·
773 3026 816 3069 ret
841 3020 978 3078 bominem,
1004 3019 1050 3067 sed
1073 3020 1111 3068 ite
1130 3025 1302 3083 temperatum

204 3097 363 3161 tssspopoli
381 3096 456 3146 Rom.
467 3102 495 3146 et
511 3096 590 3160 ipsius
601 3094 735 3161 principis,
774 3102 854 3157 esset,
866 3102 895 3143 ut
911 3094 1033 3157 paulatim
1043 3107 1071 3144 se
1088 3094 1191 3157 corpori
1207 3094 1303 3144 insinn-

203 3170 245 3237 (et
265 3172 316 3222 ista
333 3174 390 3223 brec
406 3173 522 3222 Fortuna
537 3172 596 3222 Des
616 3172 734 3221 Deorum
773 3184 828 3234 ans,
854 3171 974 3235 viresqne
1001 3182 1163 3230 consumens,
1185 3166 1302 3219 fortuitas

204 3244 370 3312 llesnrmque
380 3244 560 3310 celeberrima)
568 3253 598 3295 ut
607 3246 683 3295 saluti
695 3253 735 3296 tot
773 3245 928 3295 valetudinis
945 3244 1059 3308 speeiem
1078 3242 1222 3293 exhiberet.
1258 3244 1302 3295 Sic

204 3320 300 3371 civium
309 3322 383 3371 Rern.
395 3323 551 3372 consuleret
771 3320 857 3369 ¹l'racit.
868 3332 920 3368 xrs.
929 3322 970 3367 tt.
983 3318 1026 3367 ubi
1038 3318 1071 3367 de
1090 3317 1207 3367 secando
1224 3318 1302 3369 Clau·

237 3394 336 3447 Irridet
350 3394 399 3447 boc
413 3399 473 3448 loeo
492 3399 595 3448 Drusus
605 3398 734 3463 Sejauum,
770 3394 815 3443 dio
825 3395 956 3445 consultat
966 3392 1123 3459 Agrippina:
1135 3394 1144 3424 ‘
1154 3394 1195 3443 De
1205 3406 1302 3458 genere

204 3482 282 3535 quem
300 3470 439 3521 ambitione
454 3471 569 3523 ferocem
590 3480 619 3523 et
637 3474 732 3524 nullius
773 3472 864 3522 renent
883 3471 1050 3533 consultavit,
1069 3485 1102 3520 ne
1121 3472 1257 3535 repentino
1273 3476 1302 3521 et

205 3545 341 3595 mamertia
351 3560 472 3610 capacem
488 3548 598 3611 sciebat,
608 3556 637 3597 et
652 3549 674 3597 si
692 3564 732 3599 se·
772 3546 1011 3611 prectptrttsetuus
1029 3546 1196 3611 proderetor3
1208 3548 1230 3598 si
1249 3548 1302 3597 leu-

204 3619 256 3669 mei
267 3621 437 3685 principatum
446 3630 549 3687 raptum
558 3624 629 3686 isset,
639 3624 672 3673 de
686 3624 732 3673 illo
771 3630 827 3674 tum
837 3630 864 3673 et
876 3622 991 3673 tabidum
1001 3623 1148 3688 delegisset,
1164 3638 1198 3672 ne
1215 3622 1301 3673 admo·

205 3694 259 3746 dici
267 3696 361 3758 potuit,
372 3698 439 3759 quod
448 3699 534 3749 Tacit.
543 3700 588 3750 lib.
599 3700 633 3749 de
642 3700 731 3751 Germ.
771 3705 814 3748 tus
829 3700 955 3765 supremis
964 3698 1096 3761 Claudius,
1107 3704 1135 3749 et
1148 3698 1208 3749 dolo
1225 3697 1301 3747 intei-

205 3770 274 3821 blor.
293 3770 386 3821 ‘luter
404 3772 561 3834 impotentes
583 3782 611 3826 et
632 3776 731 3825 validos
770 3776 851 3839 lecto,
862 3778 894 3827 ad
907 3774 1193 3827 eruoremfiliirediretr
1211 3772 1301 3837 exqui-

202 3844 270 3897 fslso
281 3848 406 3912 quiescas,
424 3847 468 3894 ubi
485 3862 561 3897 manu
573 3850 668 3912 agitor,
678 3864 732 3901 mo-
771 3852 850 3901 sitnm
862 3852 959 3917 aliquid
979 3850 1109 3916 placebat,
1125 3850 1195 3916 qood
1211 3848 1300 3899 turbs·

201 3921 289 3973 destia
299 3936 330 3971 ac
342 3921 458 3985 probitas
468 3923 573 3972 nomina
591 3924 731 3987 superioris
771 3934 813 3977 ret
823 3934 936 3977 mentem
947 3934 975 3982 et
983 3933 1092 3976 mortem
1099 3922 1234 3975 differret!

201 3998 282 4048 sunt!
802 4010 814 4035 ⁰
833 4002 867 4051 Ut
877 4006 928 4051 octo
934 4007 988 4066 post
998 4000 1082 4064 essm]
1096 4001 1189 4062 Recte,
1200 4014 1231 4049 eo
1242 3998 1298 4065 ipso

235 4072 358 4136 ¹Secreta]
373 4070 545 4134 secretaejos
554 4070 731 4134 prodebantur
769 4075 893 4127 videlicet
913 4089 989 4141 anno,
1009 4088 1061 4140 quo
1083 4072 1235 4126 interfectos
1252 4076 1298 4127 se·

199 4146 534 4210 slisillsuxoreadultero
542 4146 730 4211 &immutire
765 4152 854 4215 J'auus,
876 4164 934 4202 eum
955 4148 1066 4215 Apicota
1081 4150 1138 4215 ejus
1156 4165 1221 4201 uxor
1238 4150 1297 4202 bec

201 4221 417 4287 desomnem
429 4228 457 4273 et
472 4220 588 4287 Tiberlo,
603 4222 647 4289 qui
654 4223 730 4287 jure·
768 4226 869 4278 scelera
887 4225 1014 4295 prodidit:
1036 4225 1095 4277 vide
1119 4226 1231 4285 Dionem
1249 4228 1295 4280 lib.

201 4297 262 4350 nors
281 4298 384 4363 ingenio
404 4295 589 4353 ferocemlriue
606 4298 689 4352 miuus
703 4316 730 4351 o
770 4310 849 4353 uurtr.
