3159 4917
202 438 358 501 numu
556 429 764 479 uuunnruu
789 430 862 477 nm.
886 428 937 477 ιν.
1246 412 1312 479 6oe

203 580 502 664 Amphictyonum
514 574 711 652 nitebantur,
726 575 803 658 quis
819 574 1028 659 praecipuum
1041 573 1104 639 fuit
1117 592 1225 637 rernm
1239 593 1314 639 om-

202 686 293 747 nium
314 680 574 765 judiciumque
594 682 791 759 tempestate
807 674 934 753 Graeci,
951 675 1094 740 conditis
1117 695 1175 759 per
1190 674 1310 739 Asiam

201 786 350 860 urbibus,
366 802 426 847 ora
438 782 539 845 maris
555 779 776 863 potiebantur.
823 778 942 863 Neque
956 778 1073 861 dispar
1091 776 1183 861 apud
1204 776 1309 841 Coosq

203 887 403 969 antiquitas:
426 890 460 948 et
473 881 656 947 accedebat
670 881 820 945 meritum
832 900 877 943 ex
890 880 979 947 ioco.
1025 877 1059 943 N
1062 898 1116 942 arn
1124 880 1222 943 ‘cives
1238 876 1308 942 Ro·

202 1006 319 1073 manos
348 986 470 1069 templo
500 981 692 1065 AEscnlapii
720 981 940 1059 induxerant:
968 1000 1056 1059 cum,
1078 983 1174 1067 jussu
1205 980 1309 1063 Regis

202 1087 430 1165 Miuudatis:
453 1086 546 1170 apud
570 1091 706 1150 cunctas
724 1081 819 1149 Asiae
842 1084 969 1149 insulas
991 1091 1025 1149 et
1038 1086 1148 1162 arbee,
1164 1082 1308 1149 trucida·

201 1196 321 1255 rentur.
357 1190 472 1253 Variis
486 1188 603 1251 dehinc
617 1190 650 1249 et
662 1186 788 1269 saepins
803 1186 905 1249 irritis
920 1185 1105 1249 Praetorrun
1122 1185 1307 1267 questibus,

201 1300 367 1375 postremo
380 1291 495 1355 Caesar
509 1295 519 1324 ‘
533 1290 575 1352 de
586 1288 797 1352 immodestia
809 1286 1011 1352 histrionum’
1025 1288 1154 1351 retulit:
1178 1291 1188 1319 ‘
1203 1286 1308 1351 multa

201 1393 301 1457 abiis
322 1395 356 1457 in
377 1393 548 1476 publicum
562 1390 732 1466 seditiose,
748 1388 841 1453 ioeda
863 1408 922 1472 per
944 1389 1062 1453 domos
1084 1390 1218 1453 tentari:
1243 1386 1307 1452 Os-

201 1514 277 1558 cum
292 1494 460 1577 quondam
481 1493 667 1569 ludicrum,t
688 1492 870 1555 levissimae
892 1491 983 1573 apud
1004 1492 1138 1571 vulgum
1159 1491 1305 1555 oblecta-

199 1596 326 1672 tiouiS,¹²
341 1615 381 1658 eo
396 1595 607 1675 flagitiorum*
621 1598 654 1657 et
667 1593 790 1657 virium
810 1592 954 1669 venisse,
970 1596 1007 1656 ut
1026 1594 1218 1655 auctoritate
1238 1592 1305 1656 Pa·

200 1702 286 1763 uum
302 1695 520 1760 coiircendum
536 1693 601 1759 sit.'
645 1693 739 1757 Pulsi
754 1697 824 1757 tum
838 1692 1011 1757 histriones
1023 1692 1132 1757 Italia.

243 1796 298 1861 15.
321 1795 416 1859 Idem
429 1815 535 1859 annus
549 1795 617 1859 aiio
633 1813 767 1879 quoque
787 1795 881 1859 luctu
904 1792 1074 1861 Caesarem
1097 1792 1209 1871 afficit,
1223 1793 1304 1857 aite-

197 1928 264 1977 ru'um
280 1943 359 1977 rerum
374 1926 509 1990 arbitrium,
524 1944 568 1991 quo
584 1932 687 1992 tempore
700 1928 791 1991 Greci,
807 1930 905 1978 structis
920 1943 963 1991 per
980 1926 1064 1977 Arium
1082 1927 1226 1989 ciuitatibus,
1237 1928 1306 1979 littus

197 1993 272 2041 muris
282 1992 426 2042 obtinebunt.
453 1994 534 2055 Neque
544 1994 620 2042 uriuor
630 1994 694 2056 apud
706 1994 766 2042 corr
776 1997 888 2053 emmim,
900 1998 924 2042 et
934 1992 1078 2041 accrescebat
1087 1992 1169 2055 gratia
1180 2008 1211 2041 ea·
1221 1994 1305 2057 turpio

197 2058 262 2121 ipso.
296 2059 390 2120 Quippe
408 2058 587 2107 teterrimam
600 2058 663 2106 einer
680 2058 798 2106 mee
815 2058 843 2106 is
862 2058 995 2121 AEreuiupii
1010 2058 1141 2119 deiuirum,
1158 2072 1210 2105 eum
1229 2056 1306 2107 edicto

198 2122 274 2183 Regis
286 2122 440 2171 Mithridatia
447 2137 491 2185 per
500 2136 578 2171 omres
588 2122 654 2171 Arta
664 2123 754 2171 mulae
768 2122 921 2186 ciuitatesque
935 2122 1133 2187 interficeremur.
1169 2122 1236 2170 Exire
1250 2126 1306 2185 port

197 2188 292 2247 amtor,
301 2192 325 2235 et
334 2187 420 2249 roepirrr
429 2202 510 2247 mear,
518 2188 636 2250 eumque
648 2188 783 2236 Pretorium
792 2186 999 2251 expostulationes,
1009 2189 1104 2249 tardem
1118 2185 1225 2236 utemur
1240 2190 1305 2235 retu·

195 2252 224 2299 iit
236 2252 305 2315 apud
319 2253 423 2314 Patres,
440 2252 473 2299 de
486 2251 593 2301 licentis
603 2252 756 2311 mimorum
773 2266 817 2301 eor
835 2254 916 2301 muita
932 2252 958 2301 in
972 2253 1061 2315 ruique
1079 2250 1211 2314 seditiose,
1222 2252 1305 2301 muita

196 2315 331 2365 inhonesta
342 2316 367 2364 iu
378 2314 481 2365 familiis
492 2316 596 2365 audere.
630 2316 729 2366 (iseum
748 2317 810 2365 oiim
826 2317 923 2379 iudum,
940 2318 1103 2377 tenuissime,
1114 2317 1182 2379 apud
1201 2316 1303 2379 piebem

198 2380 347 2443 voluptatis,
358 2395 389 2429 eo
400 2379 524 2428 scelerum
537 2388 565 2428 et
577 2380 669 2427 virium
681 2387 832 2444 provectum
844 2396 910 2444 esse,
922 2387 950 2431 ut
962 2382 1068 2431 decreto
1079 2390 1182 2431 senatus
1194 2381 1304 2445 compri-

198 2445 305 2492 mendus
317 2445 359 2492 sit.
395 2445 455 2493 tum
466 2444 531 2492 mimi
543 2444 617 2492 ltniic
628 2445 702 2504 <jacti

228 2508 319 2558 Eodem
329 2524 390 2557 mmo
400 2524 458 2557 arur
469 2510 543 2557 etium
557 2522 656 2558 moerere
669 2510 791 2572 pereutere
805 2509 921 2573 tiberim,
937 2510 1043 2558 extincte
1057 2510 1132 2557 uitem
1150 2522 1181 2557 ex
1198 2510 1304 2569 gemeliis

694 2652 802 2703 NOTAE

194 2750 315 2802 minoris:
341 2752 419 2802 hodie
439 2753 511 2802 Sume
531 2754 572 2802 vei
594 2752 682 2801 Saurea
703 2752 729 2800 in
769 2750 929 2801 celebratum
941 2750 1039 2812 Rome,
1055 2762 1105 2798 non
1124 2748 1239 2798 Romana
1256 2750 1303 2797 tin-

193 2827 368 2892 Arcidpeiago
386 2844 466 2894 prope
483 2830 634 2889 Natoiiam3
652 2832 729 2893 peret
768 2840 829 2891 gua.
862 2826 957 2877 Strabo
976 2826 993 2876 l.
1013 2842 1036 2875 v.
1062 2824 1217 2875 ‘Eximium
1241 2826 1302 2890 quid

192 2902 294 2952 iureis.
329 2904 490 2954 iiitemerius.
769 2904 847 2955 Oscis
864 2910 892 2953 et
907 2902 1079 2953 Ausoniorum
1092 2902 1161 2965 genti
1174 2902 1283 2966 contigit
1295 2919 1302 2961 ς

225 2986 239 3020 Ρ
252 2980 355 3029 Decreta
366 2979 577 3045 Amphictyonum]
588 2978 728 3029 Publicnm
768 2993 826 3027 cum
838 2979 907 3027 enim
918 2978 981 3027 Osci
993 2976 1145 3038 defecerint,
1153 2978 1237 3041 lingua
1248 2994 1302 3027 ma-

193 3054 303 3106 Graeciae
315 3057 462 3107 concilium.
495 3056 605 3109 Quintil.
624 3063 653 3105 et
672 3056 726 3106 Pii·
767 3061 815 3103 net
834 3051 903 3117 apud
923 3054 1059 3112 Romanos,
1077 3053 1115 3101 ita
1133 3060 1163 3101 ut
1180 3054 1302 3117 poimata

189 3132 257 3184 nius.
290 3134 336 3183 Bis
348 3134 494 3199 quotannis,
506 3148 568 3183 rere
587 3141 614 3183 et
626 3139 726 3182 autum·
766 3128 869 3177 iliorum
881 3129 906 3177 in
919 3142 995 3179 scena
1006 3128 1179 3179 exhibeantur
1190 3130 1300 3193 quodam

192 3209 579 3276 no‚mittebanturPyiagoraeo
588 3209 726 3260 duodecim
766 3204 869 3255 ludicro
879 3211 905 3253 et
919 3204 1028 3254 nmimis
1040 3204 1202 3254 recitentur!
1234 3206 1300 3255 Cen-

192 3286 294 3347 populis
306 3286 428 3336 Gracia.
456 3286 660 3349 Harpocration.
766 3280 904 3329 sentidcm
921 3293 979 3329 erse
995 3294 1053 3329 cum
1072 3279 1198 3331 Atellanis
1214 3282 1298 3331 ludis:

224 3360 320 3422 terre]
337 3361 387 3409 Cor
399 3361 494 3409 insuia:
513 3360 572 3409 vide
581 3369 655 3410 notas
664 3361 683 3411 Ι.
692 3374 724 3410 rr.
766 3370 815 3406 nec
836 3363 935 3409 errant.
977 3358 1045 3407 Nam
1067 3358 1164 3423 Atetta,
1184 3361 1300 3409 Oscorum

192 3434 268 3481 cit.
764 3435 837 3485 urbs.
870 3436 960 3485 Sermo
980 3443 1066 3486 autem
1084 3438 1168 3500 Ormu,
1185 3437 1298 3489 diversus

224 3507 408 3571 virdunum]
427 3510 570 3572 Romanos,
591 3513 635 3577 qui
653 3512 723 3576 apud
765 3511 893 3560 aLatino.
926 3511 1070 3561 Titinnius:
1090 3513 1162 3566 ‘Qui
1181 3516 1251 3565 Osce
1271 3522 1299 3565 et

192 3596 220 3631 re
229 3584 404 3648 morabantur,
414 3588 439 3635 in
450 3588 574 3650 tempium
583 3588 724 3653 AEscuiapii
763 3588 860 3638 Voluce
881 3588 1040 3651 fabulentur,
1061 3606 1120 3640 uam
1140 3592 1231 3641 Latine
1254 3606 1298 3640 ne·
1386 3602 1391 3610 ’

191 3658 321 3722 inductos,
338 3662 387 3710 ioci
404 3663 529 3726 reiigione
545 3672 723 3730 servaverunt,
764 3665 868 3715 sciunt?
902 3667 962 3717 Quo
978 3672 1005 3715 et
1023 3668 1147 3731 Campani
1158 3668 1197 3715 usi
1210 3666 1299 3715 viden-

190 3740 280 3800 spreto
291 3736 453 3785 Mithridatis
465 3739 560 3788 edicto.
764 3750 816 3807 tur,
827 3750 864 3806 et,
877 3751 905 3793 ut
916 3743 1002 3791 Livius
1012 3744 1073 3792 aiibi
1083 3744 1216 3806 medocet,
1227 3742 1298 3791 Sam-

222 3822 231 3845 ·
246 3814 322 3863 Jueru
334 3814 410 3876 Regis
421 3816 590 3879 Mithridatis}
611 3818 670 3865 Uno
680 3816 724 3867 die
763 3818 842 3867 nites.

189 3894 247 3940 150.
268 3890 349 3939 miiiiu
366 3891 461 3939 civium
482 3892 655 3941 Romanorum
674 3894 724 3942 Mi-
799 3894 895 3957 Orcum]
912 3894 984 3957 Osci,
999 3894 1088 3958 popuii
1105 3892 1173 3942 Latii
1185 3898 1211 3941 et
1223 3892 1297 3943 Cam·

188 3967 311 4017 tirridatis
323 3967 401 4031 jussu
417 3968 633 4017 trucidatasunt.
666 3969 722 4019 Cic.
763 3970 847 4034 punire
875 3970 1064 4032 provinciarum
1091 3968 1185 4017 Itaiiae.
1228 3969 1296 4021 vide

189 4059 237 4107 pro
257 4045 315 4108 iege
335 4044 451 4094 Manilia.
474 4043 561 4093 Livius
572 4044 590 4092 i.
603 4056 723 4097 nxxvrrr.
764 4044 881 4095 Cluverii
891 4044 950 4095 itai.
963 4051 1017 4093 aut.
1029 4045 1047 4092 l.
1058 4058 1100 4095 111.
1113 4060 1138 4095 c.
1149 4049 1174 4093 9.
1187 4060 1212 4109 p.
1223 4050 1295 4097 loto.

188 4120 346 4170 Plutarchus
357 4121 382 4169 iu
394 4120 474 4185 Syiia,
485 4118 621 4184 Appiauus
633 4119 660 4170 in
672 4121 723 4170 Mi·
764 4122 890 4170 iiiiemoa.

189 4196 337 4246 tiridatico.
795 4196 961 4245 ¹¹·Lerisriruoe
975 4198 1039 4259 apud
1054 4196 1150 4260 mdgum
1160 4198 1295 4251 obiectatio-

222 4273 336 4322 ‘Oreum
355 4274 471 4336 quondam
488 4272 615 4337 ludicrum]
645 4272 722 4326 Quod
762 4272 811 4339 eir]
826 4274 1097 4340 Ledsmmnoikeiatio,
1114 4290 1225 4343 nonest,
1238 4292 1294 4341 par·
