3159 4917
276 398 348 466 ⁴700
637 418 669 464 c.
694 412 874 463 couuunn
899 413 1025 461 rscrrr
1227 417 1387 482 [rua-u,

776 572 886 623 NOTAE

277 688 408 749 Flaminis,
427 686 551 749 futurive,
570 692 728 751 potestatem
741 686 812 734 veni·
850 686 894 749 qui
911 683 967 749 lilii,
979 685 1058 735 etiarn
1074 684 1214 735 bonoribus
1232 687 1384 748 suetudine

276 771 328 827 ret,
339 780 354 813 e
365 763 475 813 uinculis
496 764 588 826 patrias
603 763 745 831 potestatiq
752 776 811 813 ero·
850 764 928 813 etiam
939 769 1037 827 rupte,
1053 764 1194 813 manebant
1205 772 1291 815 temen
1301 765 1327 815 in
1341 780 1385 829 ps·

275 844 378 893 latent:
408 840 477 905 quod
498 848 587 905 patres
615 848 668 890 tam
695 840 812 903 graviter
850 840 897 889 tris
908 847 1049 903 potestate,
1061 847 1090 888 ut
1101 846 1191 889 notum
1203 847 1243 889 est
1263 842 1386 891 enostris

275 918 435 983 molesteque
445 919 569 979 tulerunt,
581 932 656 981 qaam
669 916 753 980 patrie
766 928 810 978 po·
849 916 957 979 legibus.

276 1001 358 1048 testas
371 993 560 1044 inaestimabilis
575 1008 617 1043 res
633 1000 660 1043 et
672 997 722 1054 est,
733 998 760 1042 et
772 991 810 1041 di·
884 993 921 1041 Re
933 991 1195 1055 deliberata,senntus
1203 993 1228 1042 iu
1241 993 1302 1058 ipsis
1311 992 1384 1043 cnsi-

276 1072 355 1122 citur.
850 1069 951 1129 moniis,
968 1075 996 1118 et
1008 1068 1034 1117 in
1047 1068 1106 1131 jure
1119 1069 1240 1118 Fluminis
1250 1068 1312 1117 nibil
1329 1083 1383 1117 uru-

308 1147 450 1212 Duplicem
467 1161 529 1196 vero
547 1146 691 1209 philologus
711 1159 744 1194 ex
760 1131 809 1195 ls'oc
850 1149 905 1193 tat:
923 1143 949 1193 in
965 1144 1026 1208 jure
1045 1144 1194 1193 Flaurinicae
1209 1140 1384 1205 hortantum,

274 1226 334 1274 loco
354 1222 468 1272 fructum
486 1223 599 1271 bistoriae
621 1227 716 1270 metet:
743 1235 817 1269 uutrs.
849 1218 919 1284 quod
940 1234 1070 1268 sacrorum
1091 1234 1169 1268 carisa
1190 1219 1216 1268 in
1237 1233 1313 1268 manu
1335 1219 1383 1267 viri

275 1304 324 1361 est,
336 1298 362 1345 iu
380 1312 412 1346 ea
428 1295 510 1345 forma
521 1296 634 1357 dicendi,
650 1296 693 1344 ‘iu
704 1308 808 1344 manum
850 1302 899 1355 est,
917 1302 1007 1343 cetera
1019 1296 1045 1343 in
1057 1309 1132 1344 uranu
1145 1301 1173 1343 et
1193 1302 1327 1359 potestate
1339 1309 1384 1359 pe·

274 1371 432 1433 convenire,’
444 1371 513 1435 quod
525 1371 570 1421 atii
583 1372 609 1420 is
619 1371 806 1433 matrimonium,
849 1372 903 1429 tris,
916 1372 983 1420 elcut
995 1372 1052 1421 aliu
1064 1371 1185 1421 foeminae.

273 1456 304 1499 ut
315 1446 431 1510 Agetbrn
443 1460 522 1497 xuni.
533 1452 558 1496 ti.
575 1453 603 1495 et
617 1447 656 1495 ita
670 1461 686 1494 a
702 1445 808 1508 Papini·
881 1450 923 1497 De
936 1445 1143 1497 confarreatione
1155 1448 1236 1497 multa
1247 1447 1324 1499 docte
1336 1462 1382 1499 no·

271 1537 322 1573 ane
334 1524 470 1587 Pauloque
482 1523 607 1584 scriptum
619 1519 736 1570 referunt
747 1520 808 1569 libri
849 1528 913 1587 tnta,
924 1531 951 1573 et
970 1538 1002 1572 ex
1021 1524 1139 1572 omnibus
1158 1523 1265 1583 clarum,
1277 1531 1381 1577 sanctas

273 1600 440 1663 Digestorum
449 1598 563 1649 Etrusci.
847 1599 950 1651 babitus
964 1614 1007 1649 eas
1017 1599 1130 1663 nuptias,
1140 1597 1198 1648 ideo
1211 1598 1290 1662 prisci
1301 1599 1380 1649 moris

305 1674 383 1725 Alter
409 1673 508 1739 fruetus
536 1672 678 1736 percipitur
703 1686 738 1723 ex
766 1687 809 1736 eo,
844 1676 1050 1727 servantissimus
1084 1674 1212 1739 Apuleius
1244 1674 1380 1737 Cupidinis

272 1750 342 1815 qnod
360 1748 423 1811 lilia,
444 1765 501 1815 que
520 1747 630 1797 Flamini
648 1745 806 1797 farreatione
844 1752 941 1815 nuptiis
961 1766 1018 1801 eam
1037 1751 1154 1811 adhibet,
1165 1751 1223 1799 loco
1235 1751 1312 1812 vulgo
1324 1764 1381 1799 cor.

270 1827 412 1890 nupsisset,
424 1826 449 1874 iu
461 1824 557 1884 mariti,
569 1838 619 1873 uon
632 1823 710 1872 etiam
723 1825 805 1886 patris
845 1834 930 1891 rupto,
942 1842 1018 1891 quent
1029 1826 1138 1877 emendo
1150 1828 1198 1888 sic,
1210 1828 1227 1875 l.
1239 1826 1282 1876 v.‘
1292 1826 1379 1890 Miles,

270 1916 348 1953 manu
370 1901 436 1952 fuit:
455 1902 559 1950 tametsi
571 1900 806 1964 nuptspercoem-
844 1906 900 1967 Epo
920 1918 980 1953 vero
1003 1918 1118 1953 sororem
1139 1909 1218 1963 tuam,
1238 1911 1266 1952 et
1285 1918 1378 1955 nomen

271 1979 376 2042 tionem,
386 1994 435 2029 nec
445 1979 618 2041 emancipata,
633 1978 658 2025 in
678 1978 760 2040 patris
778 1983 806 2027 et
845 1996 897 2046 quo
909 1987 937 2030 tu
948 1980 1070 2044 censeris,
1079 1979 1175 2042 aicbat,
1182 1979 1237 2043 jam
1250 1979 1310 2029 mihi
1320 1994 1378 2029 con·

269 2055 359 2109 meriti
369 2061 504 2119 potestate
515 2053 603 2104 fuerit.
628 2054 738 2104 Vertras.
845 2054 965 2105 farreatis
976 2056 1072 2119 nuptiis
1086 2056 1247 2125 conjugabo.⁹
1259 2058 1361 2109 Mercrr.

303 2126 357 2182 Qui
384 2131 470 2193 patria
492 2136 623 2192 potestate
649 2129 804 2191 liberantur,
878 2132 931 2180 *13
946 2132 1003 2192 jure
1016 2133 1107 2196 patrio]
1137 2133 1204 2183 erin
1222 2131 1280 2181 ideo
1298 2133 1375 2182 etiam

269 2204 409 2269 aliquando
428 2205 516 2267 capite
533 2206 692 2267 minuuntur,
711 2213 740 2254 ut
759 2205 804 2270 qui
843 2208 1004 2259 consarrcari
1021 2210 1081 2259 novi
1098 2209 1185 2258 mariti
1196 2211 1300 2271 uoluut;
1317 2210 1377 2274 quis

268 2281 480 2344 emancipantur:
499 2280 645 2330 venduntur
657 2281 738 2331 enim:
759 2282 803 2331 ali-
845 2286 931 2335 sciunt
949 2290 1106 2349 potestatem
1127 2286 1238 2348 putrium
1258 2285 1314 2334 tolli
1326 2285 1376 2333 isto

268 2356 372 2422 quando
384 2372 449 2417 nou;
467 2364 497 2406 ut
512 2357 574 2406 olim
585 2358 628 2421 qui
638 2356 734 2407 fiebant
745 2359 804 2408 Fla·
843 2362 999 2425 sacerdotio,
1010 2362 1109 2427 sibique
1120 2362 1182 2411 nibil
1192 2364 1301 2426 amplius
1308 2362 1376 2425 juris

267 2431 351 2482 mines
375 2433 477 2493 Diales,
498 2432 574 2482 bodie
597 2432 642 2497 qui
669 2433 802 2496 Episcopi.
843 2438 959 2489 futurum
983 2439 1010 2487 iu
1030 2438 1083 2488 filio
1105 2438 1228 2503 bonisque
1249 2439 1313 2501 ejrrs,
1332 2440 1376 2503 qui

268 2508 311 2559 Ne
332 2508 350 2559 ii
373 2510 478 2575 quidem
501 2510 588 2572 capite
610 2509 802 2575 minuebantur,
843 2514 949 2565 Flamen
960 2520 1063 2563 creatus
1078 2521 1156 2577 esset,
1176 2512 1284 2577 parique
1298 2514 1374 2565 modo

269 2586 313 2651 qui
324 2593 408 2636 morte
420 2586 501 2649 patris
511 2586 609 2636 fiebant
614 2586 681 2650 juris
692 2588 740 2637 sui.
842 2592 867 2640 in
879 2591 941 2656 filia,
960 2606 1017 2656 quae
1033 2590 1141 2644 Flamini
1153 2592 1290 2653 nupsisset.
1324 2590 1375 2640 Po.-

298 2662 492 2719 liberabantur
499 2670 527 2712 et
537 2662 682 2723 flaminica,
692 2662 803 2712 fiebant·
843 2676 922 2717 testas
935 2674 1037 2732 patrum
1049 2668 1075 2715 in
1090 2666 1156 2715 tilios
1176 2668 1295 2731 maxims,
1316 2682 1372 2732 quae

267 2753 317 2803 qne
327 2739 354 2787 in
366 2738 416 2788 viri
425 2745 567 2803 potestate,
579 2740 639 2788 dum
653 2739 802 2789 emendent
842 2743 920 2793 etiam
938 2743 1094 2793 auctoritate
1118 2742 1315 2806 magistratuum
1334 2743 1373 2807 ip-

265 2815 294 2863 is
303 2829 405 2884 unquis.
430 2815 583 2877 Quanquam
593 2816 689 2878 alioqui
702 2816 800 2878 nuptiae
842 2833 978 2882 noruntque
991 2819 1130 2869 Consulum
1138 2819 1221 2883 maJor
1231 2817 1291 2869 fuit.
1310 2820 1373 2869 Dio·

266 2904 319 2940 uon
330 2891 443 2939 liberent
454 2904 469 2938 n
481 2896 613 2953 potestate
626 2890 724 2953 patria:
743 2905 799 2939 nasu
841 2908 896 2959 uys.
908 2895 927 2943 l.
936 2908 967 2943 ιι.
979 2896 1118 2944 ‘Romulus
1126 2894 1373 2960 legislatorournem,

266 2974 294 3020 et
305 2966 373 3017 filius
386 2968 430 3031 qui
451 2982 556 3017 uxorem
574 2967 656 3027 duxit,
675 2975 762 3018 manet
773 2968 801 3017 in
841 2976 870 3017 ut
888 2970 927 3019 ita
945 2970 1037 3032 dicam,
1049 2978 1205 3033 potestatem
1218 2972 1286 3034 patri
1297 2972 1373 3021 dedit

266 3048 396 3107 potestate
407 3045 500 3107 patris,
518 3053 544 3093 et
556 3044 607 3094 filia
621 3043 799 3109 familiasque
838 3045 863 3091 iu
882 3044 972 3106 filiurn,
991 3044 1068 3107 idque
1087 3051 1144 3093 toto
1162 3044 1223 3091 vitae
1243 3052 1371 3107 tempore,

265 3118 363 3181 nupsit.
396 3119 523 3181 Ulpianus
538 3121 579 3168 tit.
594 3126 633 3169 10.
651 3121 699 3169 ‘In
716 3128 800 3183 potes·
838 3118 892 3166 sive
904 3132 961 3169 eum
973 3120 999 3166 in
1012 3132 1143 3166 carcerem
1155 3118 1304 3178 detrudere,
1315 3120 1370 3169 sive

265 3198 322 3241 tate
345 3201 481 3256 pareutum
501 3208 557 3241 esse
578 3194 706 3255 desinunt,
725 3201 753 3243 et
771 3195 799 3243 bi
838 3190 926 3255 flagris
937 3191 1111 3252 caedere,sive
1124 3190 1235 3240 vinctum
1248 3192 1370 3254 ablegare

264 3268 308 3333 qui
321 3268 449 3318 Flamines
462 3269 551 3317 Diales
561 3270 758 3333 inaugurantur,
771 3278 799 3321 et
837 3270 869 3319 ad
881 3271 978 3319 ruratica
988 3282 1076 3331 opera,
1095 3268 1149 3317 sive
1168 3282 1263 3319 necare
1274 3269 1370 3334 libeat;

264 3357 324 3406 quae
334 3344 447 3404 virgines
459 3344 548 3395 veste
560 3345 713 3406 capiuntur!
730 3346 797 3396 Vide
837 3346 916 3395 etiarn
925 3345 1020 3395 sitibus
1028 3352 1126 3395 tractet
1136 3346 1251 3409 rempub.
1260 3346 1339 3395 etiem
1347 3347 1369 3395 si

263 3423 292 3467 et
303 3418 417 3467 Gellium
429 3434 457 3470 x.
469 3427 509 3471 ln.
526 3423 645 3471 Muretus.
837 3422 961 3472 maxinres
977 3422 1143 3487 magistratus
1154 3422 1278 3485 gesserim
1290 3422 1369 3473 etiam

296 3492 372 3543 Inter
387 3509 477 3549 musas
496 3498 597 3547 ambare
613 3497 796 3548 confarreatio·
835 3499 857 3547 si
877 3498 956 3549 studii
970 3513 1033 3562 erga
1052 3498 1169 3561 rempub.
1188 3499 1291 3547 laudem
1310 3512 1368 3562 pro-

261 3570 366 3633 ambas
380 3567 472 3631 affert,
491 3575 796 3640 nummismaioediffi
835 3578 942 3627 meritus
954 3577 997 3627 sit.
1028 3576 1110 3627 Juxta
1123 3576 1368 3641 henceertelcgem

260 3646 368 3709 radun,
377 3661 441 3710 quas
453 3649 493 3696 vel
513 3650 611 3699 incuria
622 3651 797 3715 negligerent,
835 3652 949 3703 illustres
974 3653 1024 3702 viri
1046 3667 1092 3716 pro
1121 3652 1234 3713 Rostris,
1262 3652 1366 3703 favente

262 3724 304 3773 vel
316 3724 434 3778 consulto
444 3724 571 3775 vitarent:
590 3727 699 3775 alteram
710 3727 738 3776 ob
746 3729 797 3791 pri-
836 3731 922 3793 plebe,
934 3730 1117 3780 concionantes
1135 3731 1161 3779 in
1181 3739 1286 3780 renatus
1304 3730 1367 3779 inri-

260 3799 374 3861 sitegiass
391 3799 526 3863 Ιὶὺσοηιιπ,
543 3804 589 3866 qui
606 3803 736 3852 Flamines
750 3811 796 3853 aut
836 3804 904 3855 diam
916 3805 1083 3869 fruentesque
1103 3822 1165 3855 aurs
1181 3806 1311 3871 populari,
1320 3804 1365 3853 de-

261 3874 424 3939 Flaminiam
451 3877 512 3941 quia
534 3878 561 3941 ii,
587 3879 683 3943 adepto
712 3895 795 3931 sacer·
836 3882 915 3931 tracti
934 3896 949 3931 e
966 3892 1088 3946 suggesto
1104 3882 1261 3944 abductique
1279 3884 1366 3927 sunta

258 3949 342 4016 dotlo,
358 3954 446 4005 statim
463 3956 571 4005 exibant
588 3958 697 4019 epatris
708 3968 794 4021 potes·
835 3958 962 4023 patribus,
981 3973 1069 4023 prenae
1089 3958 1175 4007 daturi
1196 3972 1228 4003 ex
1250 3954 1364 4017 ipsorum

260 4033 327 4089 rste,
347 4031 416 4093 qnod
438 4033 564 4083 nolebant
582 4044 686 4098 patres,
710 4030 749 4086 et‘
760 4051 793 4085 ne
834 4035 972 4097 sententia,
983 4050 1047 4098 quos
1059 4032 1119 4083 dum
1134 4047 1180 4095 per
1192 4030 1275 4078 t'oruru
1286 4029 1364 4077 duce·

258 4101 335 4151 inviti
346 4104 372 4152 id
382 4115 543 4173 paterentur,
553 4111 709 4161 emittebant
720 4127 793 4161 usum
833 4116 931 4171 rentur,
949 4124 1026 4159 nemo
1042 4108 1181 4157 astantium
1201 4104 1301 4167 eripere
1319 4118 1364 4167 po·

258 4174 484 4243 confarreationis,
494 4186 612 4234 nelibari
623 4188 747 4236 eorumin
765 4187 793 4236 id
833 4191 914 4247 terat,
924 4200 976 4234 uon
991 4185 1089 4243 consul,
1105 4195 1155 4230 non
1173 4180 1299 4243 tribunus,
1311 4196 1362 4231 uon

259 4250 437 4303 sanandum
454 4256 613 4320 legerentur.
646 4262 714 4316 Nam
730 4263 793 4318 alio-
832 4254 1364 4325 ipsuturbacuitumadulabantur31icct
