3159 4917
289 384 361 470 37'2
643 413 676 460 u.
699 390 884 461 cornuin
908 391 1039 460 ricini
1232 405 1278 477 nt
1289 391 1403 470 nasu

291 554 502 627 incusabatur
515 554 614 619 facile
629 554 825 620 toleraturus
838 553 987 630 exilium,
998 551 1127 616 delecto
1139 539 1270 629 bobo)
1284 551 1402 620 imula
1419 626 1424 633 .

289 657 395 721 nobili
409 662 442 720 et
456 675 598 735 anroenu,
609 655 780 720 retrahitur
795 655 827 718 in
841 654 967 732 urbem,
979 653 1226 735 custoditurque
1240 651 1398 726 domiburr

290 751 568 840 magistratruum}
620 755 746 824 lisdem
768 756 872 821 literis
894 754 1009 820 Cresur
1034 753 1202 820 Sentium·
1225 755 1403 828 Paconius,

287 915 413 968 *ΜΨ
423 906 587 955 blimart
597 905 792 965 wilimaris
804 904 970 955 Labuceiebri
988 909 1012 954 et
1027 903 1125 968 pulchro
1135 905 1221 966 imula,
1231 905 1351 953 reaelsitur·
1366 895 1397 955 ἐπ’
1432 917 1440 926 ·

221 996 224 1001 ’
290 970 421 1053 met
435 971 599 1036 ornum
609 970 900 1031 admouerat-un.
919 970 1027 1020 rann
1037 969 1135 1034 oreon
1144 968 1260 1021 numu
1274 969 1400 1035 urrann,

321 1206 339 1254 Β
354 1201 650 1268 beroaldnsetreteres,
659 1201 765 1252 smus
777 1199 949 1264 Psgerrr'urrrarr.
977 1200 1015 1256 Ar
1025 1199 1094 1256 turn
1104 1215 1162 1268 erp.
1175 1203 1399 1256 turrenorum

285 1258 612 1325 murmuratus.

791 1351 898 1404 ΝΟΤΙΕ
1392 1401 1395 1408 .

323 1437 336 1494 Ι
344 1449 432 1516 raro]
451 1451 716 1518 ursonsponuum
728 1449 823 1499 roura·
863 1447 911 1513 rus,
930 1449 963 1500 e.
983 1451 1095 1502 Iaenruo
1112 1451 1254 1515 spirutu,
1273 1451 1318 1518 qur
1336 1445 1394 1502 tunt

289 1541 347 1586 rm
363 1541 414 1578 oua
424 1530 451 1577 in
462 1530 527 1578 mari
538 1529 636 1593 AEgreo,
647 1534 674 1577 et
685 1534 746 1576 uute
757 1525 822 1575 Tro·
863 1525 945 1576 sedilis
963 1533 1029 1591 erut,
1043 1528 1174 1592 cethegus
1192 1527 1224 1580 0.
1244 1526 1396 1594 eomtfleto,

289 1603 340 1653 ada
350 1603 511 1667 provinciam
522 1603 593 1654 Asia
603 1605 725 1655 minoris:
744 1601 822 1652 bodio
861 1602 979 1654 Statilias
989 1603 1020 1654 c.
1032 1604 1139 1668 Genti,
1149 1603 1275 1668 oeperunt
1285 1603 1333 1655 Cu.
1340 1603 1398 1654 Το-

286 1687 398 1730 roratur
406 1681 523 1738 bletelirr,¹
539 1687 581 1730 est
588 1694 669 1744 prope
680 1679 822 1743 Natoliaru,
861 1680 946 1730 rentio
956 1681 1074 1732 seruatori
1084 1679 1242 1730 traduntur!

288 1753 315 1803 in
326 1752 510 1819 Arebipelago‚
526 1757 574 1806 snb
594 1754 721 1820 proiectu
737 1755 819 1805 Meris
890 1757 987 1807 Cicero
998 1757 1131 1807 inBrutnr
1149 1755 1246 1806 ‘Domi
1257 1762 1394 1807 teneamus

287 1831 330 1880 rel
348 1831 559 1894 lnrnlsrunr,snb
577 1833 687 1884 'fornico
707 1831 819 1898 Imperio
859 1845 916 1883 eam
929 1839 1029 1897 septam
1038 1833 1138 1884 liberali
1149 1831 1285 1884 cornuta!
1308 1831 1394 1885 Quasi

287 1905 414 1958 Asiatico.
447 1908 568 1959 tutem
858 1909 1163 1965 aliailluserrilisosset.
1201 1903 1393 1977 suttusltrmt.

319 1985 420 2036 Delerts
436 1985 512 2034 Lerbo
530 1986 618 2049 iasub]
651 1987 692 2035 Ex
713 1986 836 2051 antiquo¹
859 1999 921 2038 eus:
947 1985 999 2036 ‘ln
1019 1986 1137 2038 custodia
1158 1985 1321 2052 quaudoque,
1341 1983 1393 2034 sed

281 2059 344 2123 jure
356 2060 508 2122 notandum,
519 2075 586 2124 eque
600 2061 737 2109 ruderibua
746 2067 820 2111 vete·
859 2060 951 2124 libero,
960 2053 1126 2124 exponetur!

286 2135 322 2185 ris
337 2132 416 2198 juris,
426 2135 493 2198 quod
511 2136 554 2200 qni
574 2134 708 2199 damnatus
719 2142 775 2183 erat
793 2135 819 2184 in
891 2135 926 2185 Et
937 2150 998 2185 sune
1008 2136 1065 2186 brec
1075 2135 1166 2199 libera,
1177 2135 1323 2201 digniorum
1334 2141 1393 2188 tun·

213 2234 218 2242 .
285 2208 819 2271 insulam,insnlauounominutrqlrsberet
858 2215 923 2274 turn,
935 2218 961 2262 et
973 2213 1125 2280 plerumque
1136 2221 1292 2263 senatorum.
1324 2211 1392 2264 Hie·

285 2283 439 2333 fucultatem
450 2283 573 2347 eligendi,
584 2284 610 2333 in
623 2299 698 2348 qnam
710 2285 819 2336 iusuirrn
838 2303 840 2306 ·
857 2301 977 2353 ronyrnus
997 2294 1087 2338 contra
1107 2287 1292 2352 vigilantium:
1317 2287 1392 2354 ‘sint

286 2360 430 2425 trajiceret.
466 2361 510 2412 Sic
527 2361 592 2411 Milo
611 2361 710 2426 delegit
728 2361 820 2411 Massi·
858 2376 919 2428 ergo
941 2379 993 2413 non
1016 2370 1085 2415 tetro
1105 2364 1192 2428 aliquo
1211 2378 1326 2428 earcere,
1341 2363 1392 2414 sed

284 2437 355 2488 liant.
388 2437 443 2488 Dio
451 2439 498 2488 tib.
509 2452 554 2489 ιι..
857 2452 967 2502 amoena,
978 2447 1005 2490 et
1023 2440 1106 2490 libera
1124 2440 1252 2502 custodio,
1267 2446 1391 2507 tanquan

317 2513 384 2566 Sunt
393 2515 438 2580 qui
449 2516 597 2579 relegantur
607 2513 633 2564 in
642 2513 762 2576 insulam,
771 2513 817 2564 ad·
856 2523 946 2580 patres
957 2516 1059 2582 qnidam
1068 2516 1164 2566 ordinis
1174 2517 1314 2568 senatorii!

281 2592 457 2656 jectoiusulae
473 2594 585 2657 numine,
597 2592 640 2640 vel
658 2591 685 2640 in
704 2605 761 2640 eum
779 2592 817 2641 in·
889 2590 942 2642 Dio
961 2591 1059 2656 optime
1076 2592 1143 2641 libro
1154 2605 1232 2642 ιιιιι.
1253 2593 1286 2642 de
1296 2591 1391 2652 Asinio

285 2668 368 2735 sulam
395 2683 470 2733 quarn
491 2668 613 2732 princeps
630 2667 815 2731 designaverit.
857 2665 951 2717 Gallo:
978 2667 1021 2732 qui
1038 2657 1262 2718 bsnc'custodiarn
1280 2667 1391 2730 φυλακὴν

285 2736 345 2793 Lib.
355 2756 376 2793 1.
388 2744 421 2792 de
432 2741 475 2794 off.
486 2741 614 2794 Pruiecti
627 2742 693 2792 urbi.
856 2741 967 2807 ἄδεσμον,
977 2749 1065 2806 vocat,
1077 2742 1103 2792 id
1111 2735 1160 2805 est,
1170 2739 1286 2808 liberato,
1293 2750 1320 2793 et
1331 2745 1389 2796 stne

316 2815 383 2867 Sunt
398 2817 452 2881 alii,
468 2818 511 2882 qui
529 2818 682 2882 simpliciter
699 2818 815 2881 reiegrn·
855 2819 957 2871 vinclis.
985 2821 1022 2870 Et
1030 2817 1130 2882 addit,‘
1141 2819 1388 2885 custodiebaturqne

284 2899 337 2957 tur,
347 2907 398 2943 nou
408 2893 513 2957 adjecto
523 2893 688 2958 relegationis
699 2893 766 2956 loco,
785 2901 815 2944 ut
855 2909 984 2960 sempera
995 2893 1159 2960 Consulibus,
1176 2896 1225 2946 nisi
1236 2909 1296 2946 cnm
1306 2895 1389 2946 'ribe-

283 2968 301 3019 l.
311 2981 350 3019 vr.
367 2969 399 3018 de
409 2967 542 3020 interdict.
563 2977 591 3019 et
607 2969 688 3033 releg.
729 2969 765 3020 Et
782 2969 826 3020 iis
854 2970 909 3020 rins
921 2971 1009 3021 consul
1020 2977 1088 3024 erret
1097 2988 1105 3034 3
1129 2979 1192 3022 tunc
1204 2973 1299 3022 enims
1315 2973 1387 3023 Ρη-

284 3043 420 3094 srbitrinm
453 3045 607 3110 relinquitur
633 3045 754 3111 eligendi,
786 3047 814 3096 in
854 3046 952 3098 toribus
978 3048 1137 3110 serrabatur,
1158 3063 1208 3098 nnn
1230 3047 1328 3114 hercle,
1351 3052 1386 3099 ue

282 3134 360 3185 quarn
371 3121 453 3171 velint
463 3120 572 3170 insulam
584 3121 732 3172 abscedere.
762 3124 814 3172 Διι-
855 3120 979 3187 elingere,
988 3123 1033 3172 sed
1044 3137 1077 3173 ne
1089 3125 1153 3174 mori
1165 3123 1271 3188 posset?

280 3198 362 3246 relies.
886 3200 1012 3251 Custodia
1022 3200 1092 3265 apud
1102 3199 1181 3250 rader
1193 3207 1260 3264 erat,
1275 3215 1332 3252 curu
1344 3215 1387 3252 eo·

241 3331 250 3346 .
314 3273 532 3338 ιΟιιιιιιὶὶιιιιᾳιιι
557 3275 663 3325 domitur
687 3275 813 3338 nagistru-
854 3291 909 3327 rum
918 3277 1045 3341 periculo,
1061 3275 1250 3341 fidejussoribus
1263 3291 1320 3328 reus
1333 3283 1386 3326 trs·

280 3351 360 3415 tem]
371 3351 473 3402 Praeter
481 3367 622 3414 carcerem,
633 3360 660 3403 et
671 3353 813 3404 custodiam
853 3353 970 3404 debatur.
1002 3352 1107 3402 Tacitus
1124 3352 1169 3402 tib.
1180 3365 1207 3403 r.
1224 3353 1233 3381 ⁴
1246 3353 1303 3403 Nee
1314 3351 1384 3404 alind

280 3427 429 3492 militarem,
449 3430 568 3478 custodia
585 3431 635 3480 aliu
650 3430 765 3493 duplex:
787 3445 813 3479 a·
852 3428 1060 3494 periclitantibus
1071 3427 1188 3489 subsidii,
1197 3441 1273 3493 qnam
1284 3427 1311 3478 in
1322 3441 1384 3480 cou-
1457 3461 1466 3482 t

281 3503 335 3568 pud
347 3504 523 3569 magistratus,
533 3512 562 3556 et
572 3507 641 3569 epod
652 3506 745 3556 Vades.
852 3503 1067 3556 atsntiuiratrnur
1082 3501 1141 3567 suit,
1158 3503 1203 3570 qui
1221 3503 1300 3555 redes
1319 3503 1385 3554 exti-

313 3577 393 3643 Apud
404 3579 581 3644 Magistratus,
592 3595 649 3630 curn
666 3595 725 3630 reua
744 3582 812 3632 Cou-
851 3581 926 3634 tere!

281 3655 339 3718 rull,
356 3653 477 3716 Praetori,
488 3655 566 3704 AEdili
583 3655 722 3721 (interdum
734 3665 762 3707 et
773 3673 812 3708 se·
884 3658 986 3712 Clarius
996 3657 1029 3709 de
1042 3658 1132 3710 eadem
1147 3672 1176 3708 re
1190 3655 1328 3710 Suetonius
1337 3655 1382 3708 Vi·

279 3733 375 3795 aratori,
391 3731 472 3781 etiam
482 3745 557 3782 none
568 3732 734 3795 magistratu)
744 3748 812 3784 corn·
850 3735 908 3785 tell.
927 3749 984 3798 cap.
997 3738 1036 3784 ll.
1052 3734 1060 3762 ⁴
1072 3732 1180 3783 Publius
1191 3741 1251 3798 post
1262 3739 1382 3796 pretores

279 3807 448 3868 mittebatur3
477 3808 544 3872 qnod
555 3822 606 3858 non
616 3808 665 3858 uisi
675 3809 702 3857 ln
714 3809 764 3860 reis
781 3811 812 3860 il·
850 3811 981 3873 bonorem,
991 3809 1060 3860 inter
1070 3808 1158 3872 Sejani
1168 3808 1381 3872 consciorsrrep·

278 3883 443 3934 lustrioribus
454 3891 613 3950 usurpatum,
628 3898 710 3952 eaque
727 3894 810 3938 custo-
850 3891 900 3944 tus,
911 3893 939 3935 et
951 3885 976 3933 in
986 3883 1128 3936 custodiam
1140 3881 1215 3934 fratri
1227 3881 1321 3934 datus!

279 3959 324 4008 dia
335 3960 418 4012 libera
427 3959 507 4012 dicta.
881 3959 1009 4024 Ulpianus
1029 3959 1047 4008 l.
1059 3971 1079 4010 1.
1098 3957 1131 4008 de
1146 3959 1247 4009 custod.
1259 3966 1381 4011 reorumr'

310 4035 448 4090 Sallustius
459 4039 486 4088 in
497 4039 663 4091 Catilinario:
678 4040 810 4094 ‘Seruatus
849 4037 909 4086 ‘De
927 4035 1046 4086 custodia
1058 4049 1162 4086 reorum
1174 4035 1305 4086 natimrre
1315 4035 1381 4086 Pro·

278 4109 405 4174 decrerit,
431 4116 471 4164 uti
498 4115 619 4168 abdicato
646 4118 808 4182 magistratu,
849 4112 1025 4174 consolanter,
1037 4111 1159 4162 utrnruin
1174 4110 1382 4162 carcerernruui·v

280 4185 416 4247 lentulus,
435 4187 550 4254 itemquo
567 4191 662 4255 cstsri,
678 4192 705 4240 irr
720 4185 809 4244 iberis
848 4187 985 4252 piendaalt
994 4187 1237 4251 remunerantur!
1247 4187 1382 4252 tradenda,

278 4258 403 4312 custodiit
412 4259 576 4317 haberentur.
607 4265 808 4332 ltaqusbeutu·
848 4261 1083 4328 anfidrjrsrurlbur
1094 4261 1295 4316 cunnittsoda'
1308 4257 1381 4328 ursi
