3159 4917
162 414 301 480 ιω.)
525 402 733 456 sensurus
758 404 831 455 usn.
856 404 915 455 ur.
969 443 973 451 .
1201 394 1269 461 tib

165 558 256 625 culis
267 550 407 622 veteris·
427 548 609 635 provincie
622 550 813 633 componit:
836 548 895 613 sed
921 554 959 613 nt
985 547 1020 613 ln
1034 546 1146 615 lim'ino
1167 548 1268 631 boui:

166 657 339 744 dispum'tis
364 652 522 729 miuus,
548 668 610 733 per
636 650 812 734 expeditos
840 657 874 715 et
901 648 1113 715 solitudinum
1137 670 1268 734 gnum,

166 765 346 827 mutantem
369 754 518 839 mepalie
540 751 788 818 Tacfarinatem
816 753 1005 837 proturbet:
1039 751 1155 831 donec,
1169 752 1270 819 fratre

168 866 242 949 ojms
255 864 544 947 cepto,1egressus
557 860 619 933 est,
632 854 863 943 properantius
877 858 997 933 temen,
1009 874 1109 938 quem
1122 875 1167 921 ex
1179 856 1271 921 utili-

168 970 236 1030 tate
250 964 432 1042 sociorum3
454 958 593 1036 relictis,
613 976 672 1041 per
696 976 784 1040 qnos
812 962 994 1038 resurgeret
1020 957 1158 1021 bellum.
1203 956 1270 1022 Sed

169 1065 323 1131 Tiberius
336 1081 398 1147 pro
420 1058 570 1125 confecto
591 1059 848 1142 interpretetus,¹¹
872 1057 906 1120 id
931 1076 1064 1141 quoque
1078 1056 1192 1122 Blaeso
1214 1058 1271 1123 tri-

168 1166 252 1244 buit,
280 1171 319 1231 ιιι
346 1160 522 1246 Imperator
549 1178 572 1227 e
598 1159 783 1241 legionibus
811 1158 1023 1239 salutamina
1053 1158 1166 1241 prisco
1194 1176 1272 1242 erge

169 1268 285 1333 Duces
297 1266 431 1343 bonore,
445 1263 504 1347 qni
527 1264 612 1327 bone
626 1266 719 1344 geste
733 1258 819 1343 Rep.
841 1260 961 1341 gaudio
974 1266 1008 1325 et
1026 1260 1153 1343 impetu
1166 1261 1272 1325 ricto-

168 1368 214 1435 ris
227 1366 396 1432 exercitus
410 1364 721 1431 conclamabantur:
743 1366 902 1443 erantque
915 1362 1026 1444 plures
1049 1360 1146 1426 simul
1160 1358 1273 1447 Impe-

170 1475 309 1547 ratores,
323 1472 384 1533 ne'c
397 1486 497 1550 super
511 1470 694 1530 ceterorum
706 1461 948 1546 eeqnsiitntem:
963 1464 1129 1529 concessit
1136 1462 1274 1547 onibus-

171 1570 251 1634 dnm
272 1576 306 1635 et
320 1568 495 1651 Augustus
519 1567 556 1630 id
580 1566 800 1657 vocabulum
822 1582 863 1628 ec
884 1568 962 1629 tnnc
986 1563 1140 1627 'liberius
1160 1564 1292 1651 illeso,

173 1674 429 1761 postremum.'⁴

173 1817 284 1880 mititem,
294 1816 373 1893 est-iss
379 1815 501 1879 medellis
507 1815 613 1893 ustione
620 1814 749 1879 prootsstae
759 1814 871 1891 coltofst:
885 1816 926 1864 sed
934 1816 997 1891 uelut
1007 1814 1078 1865 initio
1088 1814 1154 1893 bftli,
1161 1814 1280 1867 «iliadis

173 2138 341 2214 appellentur,
356 2142 431 2213 oeters
441 2140 579 2215 crgodsees
592 2136 681 2200 desere
691 2152 732 2201 qus
747 2135 816 2185 rebus
831 2136 945 2199 preclare
953 2142 1039 2213 gestus,
1050 2136 1138 2185 laetstsu
1155 2140 1178 2185 rt
1195 2138 1280 2191 oedsrs

173 2198 1278 2381 iffifflffiffiffifflfflbrlilidffimilil12

218 2346 232 2379 s
701 2360 709 2378 .

178 2542 280 2593 illustr.
289 2542 414 2604 Hnetins,
424 2548 475 2593 tuos
482 2543 691 2606 numum-s
701 2542 743 2595 Its
753 2554 789 2593 ss
802 2542 852 2591 bis.
861 2543 931 2591 llos.
942 2542 1059 2593 Pisbens
1069 2549 1096 2595 et
1117 2546 1284 2597 recentiores.

179 2609 326 2670 Perpetem
347 2607 502 2667 Beroaldus,
525 2606 607 2656 Blaeso
623 2612 765 2671 permen
784 2606 870 2657 sdisrs.
902 2608 1013 2659 Ernesto
1024 2608 1110 2671 spi-ins
1127 2610 1240 2675 videtur,
1257 2617 1284 2663 st

179 2675 453 2750 tsss,qusnr,sctssc.
486 2670 601 2721 Broties.

680 2780 794 2833 Nom

181 2896 282 2943 tentum
300 2893 429 2957 significet
446 2894 569 2961 diripere,
589 2910 666 2959 egere
683 2901 713 2946 st
752 2894 899 2959 Germanis,
911 2896 1054 2947 tumetium
1067 2910 1113 2960 pro
1125 2896 1286 2951 conicetoet

180 2966 259 3034 ferre,
266 2969 335 3035 qnod
346 2972 545 3037 intelligendum
552 2986 586 3022 ex
594 2972 713 3023 anteced.
753 2979 858 3036 pstrsto
876 2972 973 3023 bellum
992 2972 1076 3036 seeipi
1087 2972 1176 3033 voluit,
1195 2988 1230 3025 nc
1241 2988 1284 3039 pn·

180 3052 209 3095 et
220 3047 446 3111 consequentibus.
753 3053 882 3109 iteretur,
894 3044 969 3111 etue
981 3047 1038 3112 quis
1048 3046 1145 3111 pntrsti
1156 3046 1219 3097 belli
1231 3050 1287 3113 glo.

211 3120 339 3185 'Veterir]
357 3123 451 3188 Copias
463 3137 512 3173 nec
528 3121 647 3183 retrsbit,
662 3137 711 3174 nee
751 3124 817 3173 rism
837 3118 955 3185 baberet,
970 3122 1061 3173 meluit
1079 3122 1107 3171 id
1128 3122 1287 3189 relinquere,

179 3197 207 3247 in
216 3197 348 3261 Hybernis
364 3198 452 3263 babet,
463 3214 522 3265 qne
539 3198 567 3249 in
587 3213 618 3249 ea
636 3205 713 3264 perte
751 3214 828 3266 quern
839 3198 976 3262 conficere,
988 3212 1081 3263 nempe
1092 3198 1207 3251 conlecti
1221 3201 1286 3252 belli

180 3270 280 3323 Atticm
300 3282 383 3338 ernnt,
394 3290 471 3341 quem
489 3274 591 3340 pridem
603 3274 713 3325 curtus·
752 3274 1047 3327 decussliisinvidebnt.

182 3347 332 3411 cinensibus
349 3358 468 3415 ereptam
480 3352 568 3401 oderis
579 3351 713 3401 Procs'seioe
784 3360 797 3385 ¹
806 3352 912 3403 Tiberius
920 3352 999 3403 Bloeso
1006 3352 1160 3419 postrenum]
1175 3353 1246 3405 Olim
1258 3359 1288 3407 st

184 3424 286 3473 nomine
297 3424 487 3491 intelligebant.
754 3426 838 3477 libers
850 3427 942 3491 repub.
951 3426 1026 3477 multi
1035 3427 1205 3491 imperatores
1212 3428 1289 3493 dicti,

218 3500 433 3565 ‘lelimissbetlss
464 3504 509 3553 Sic
528 3518 633 3570 nempe,
654 3504 717 3571 quis
755 3502 912 3569 utquisque
932 3516 987 3555 rens
1007 3502 1059 3552 suis
1078 3504 1199 3567 auspiciis
1219 3502 1288 3553 bene

185 3571 261 3621 initio
279 3572 342 3623 belli
359 3576 448 3627 stetim
465 3576 637 3643 disponuntur
658 3595 715 3631 css·
755 3578 886 3641 gessisset.
920 3576 1062 3643 Displicuit
1073 3576 1240 3643 Augustus
1259 3582 1290 3631 us

187 3648 253 3695 tells
267 3645 331 3696 locis
349 3652 511 3716 opportunis,
520 3669 578 3718 qum
589 3655 640 3705 sint
656 3655 716 3705 sub·
755 3656 865 3721 reliquos
876 3655 985 3709 bonores
997 3652 1023 3701 in
1035 3666 1073 3717 se,
1084 3652 1120 3703 sic
1137 3661 1165 3702 et
1184 3652 1232 3703 boc
1244 3664 1290 3703 nn·
1304 3678 1312 3691 ·

187 3720 256 3770 sidia
265 3722 369 3785 nostris,
379 3730 407 3774 et
418 3730 610 3789 propugnscuts
620 3729 648 3779 iu
658 3730 717 3780 bos-
755 3744 815 3781 men
828 3730 916 3793 traxit,
924 3728 992 3795 qnod
1004 3727 1222 3779 communicatum
1232 3740 1291 3791 pos·

188 3803 239 3861 tes,
249 3803 276 3847 et
287 3797 379 3862 quibus
387 3800 503 3851 incursus
515 3802 618 3854 hostiles
628 3812 717 3857 setun·
756 3814 868 3857 tescum
880 3806 979 3870 prucis,
998 3811 1026 3855 ct
1041 3803 1097 3855 lere
1115 3816 1166 3853 non
1188 3800 1237 3851 nist
1257 3815 1290 3851 ex

187 3873 294 3939 duntur,
312 3874 389 3925 simul
405 3883 434 3925 et
452 3876 584 3942 copisrnm
596 3886 624 3929 et
639 3896 718 3947 opum
756 3890 836 3949 gente
847 3881 973 3947 Auguste.

187 3950 269 4000 omnis
281 3952 384 4015 generis
400 3954 566 4017 receptacula
584 3954 645 4021 sint,
659 3971 717 4021 qne
789 3957 908 4009 'liberius
920 3964 1006 4007 temen
1016 3956 1059 4007 bic
1073 3954 1188 4007 Blesum
1206 3954 1292 4023 Impe-

188 4026 215 4075 in
226 4025 330 4091 longum
342 4027 439 4079 bellum
450 4036 639 4093 comparentur.
758 4032 853 4084 retoris
875 4030 976 4082 nomine
997 4022 1132 4093 insignit!
1146 4043 1254 4097 eumque
1275 4048 1291 4085 e

221 4108 234 4135 ¹
249 4102 301 4152 Pro
326 4102 431 4165 messem
458 4104 639 4171 interpretatu]
676 4106 720 4157 Sic
759 4108 869 4173 privetis
881 4112 1051 4173 postremum,
1070 4104 1097 4155 ld
1120 4113 1169 4171 est,
1187 4116 1216 4159 ut
1233 4116 1293 4177 pest

190 4193 278 4243 snprs,
297 4180 341 4231 ubl
361 4182 396 4230 de
407 4181 662 4247 Germsnico,qnem
678 4183 723 4232 'li-
761 4186 823 4237 inde
840 4183 887 4234 soli
898 4182 1030 4249 principes
1042 4196 1074 4232 eo
1091 4180 1166 4235 tisun
1177 4183 1229 4235 sint
1240 4184 1293 4249 nsi,

191 4252 277 4305 borim
290 4262 372 4323 perte
386 4257 442 4321 J'sm
461 4257 553 4323 glorie
570 4256 680 4311 sbstulit
694 4260 723 4311 in
761 4260 857 4315 nunini
879 4261 947 4312 ultrs
972 4272 1094 4311 concesso
1120 4259 1290 4312 subditorum.
