3159 4917
310 419 377 487 580
668 436 700 483 c.
724 431 904 484 connubii
927 423 1053 485 rtuiri
1144 489 1148 494 ,
1251 438 1422 504 [num.

310 577 425 646 vitatis
448 580 482 641 et
504 573 788 654 discordiarum:f
807 576 983 658 arguebat:
1005 577 1065 640 sed
1088 578 1206 643 ceteris
1227 580 1316 643 baud
1330 579 1422 645 laeta

309 677 468 745 memoria
496 677 628 757 Quirini
654 683 735 755 erat,
765 677 809 741 ob
834 678 966 753 intenta,
992 681 1029 741 ut
1052 679 1241 759 memoravi,
1267 678 1418 764 Lepidus

308 781 470 871 pericula,
486 779 717 862 sordidamque
730 784 764 844 et
777 782 1014 862 praepoteutem
1027 783 1221 844 senectam.⁸

351 884 406 949 49.
429 882 513 946 Fine
535 883 621 959 anni,
649 881 688 948 G.
715 880 887 945 Lutorinm
912 879 1088 958 Priscum,¹
1116 880 1267 964 Equitem
1285 881 1420 947 Roma·

308 1004 397 1065 num,
412 970 491 1070 post
505 985 635 1049 celebre
648 1003 792 1061 carmen,
814 1002 880 1067 quo
894 979 1085 1046 Germanici
1100 1001 1255 1065 suprema
1269 983 1419 1049 defleve-

308 1085 387 1165 rat,¹²
409 1087 553 1170 pecnnia
566 1086 722 1150 donanim
739 1106 760 1149 a
774 1083 923 1160 Caesare,
948 1083 1109 1165 corripuit
1123 1080 1272 1161 delator,i
1295 1084 1417 1166 objec-

309 1190 397 1277 tans,
420 1190 531 1269 ‘aegro
561 1182 681 1251 DrusoJ'
707 1184 949 1269 composuisse,
974 1182 1076 1267 quod,
1091 1184 1121 1247 si
1136 1187 1301 1250 extinctus
1314 1185 1414 1262 toret,

308 1366 445 1418 munio:
463 1366 1062 1431 manummammowtsffl
1069 1332 1415 1429 piperinus-irem,

309 1432 560 1546 wem}
568 1433 1098 1552 miffm'drwffiffffi
1114 1494 1214 1556 equitem
1226 1494 1296 1541 Roas.
1306 1506 1346 1555 qai
1339 1491 1413 1554 'post

307 1574 513 1685 wenti
521 1557 1414 1690 idfflirlilffiiii‘lliiiililiffwiiffi

767 1725 869 1745 om
871 1726 914 1744 ΝΙ
916 1725 945 1744 ‘0

342 1796 355 1841 l
374 1791 520 1855 Corrupto
513 1806 540 1839 m
551 1791 683 1841 veteribus
699 1791 864 1849 editionibus,
877 1792 1010 1841 Clutorium
1023 1790 1139 1839 Priacm
1171 1790 1244 1837 Bene
1257 1785 1410 1848 Lipsiuqc.

308 1856 441 1906 mortar.
475 1854 608 1913 ADione,
621 1868 688 1907 nvn.
706 1871 732 1919 p.
749 1861 807 1905 oto.
825 1828 891 1906 rl'tm
909 1854 1036 1917 semipes
1049 1854 1157 1918 Πρίσκος
1176 1852 1265 1911 lusis,
1283 1851 1409 1900 mre

307 1918 386 2044 lm
383 1918 521 2034 hmilitas
531 1922 631 1985 φρονεῖν,
641 1922 669 1970 C
677 1920 791 1985 interiet
801 1920 908 1985 Priscus,
915 1934 992 1985 qua,
998 1924 1023 1969 et
1033 1919 1114 1987 narsi
1122 1918 1223 1970 sorainia
1230 1916 1310 1980 poita,
1319 1915 1410 1979 appel·

429 2000 454 2033 ro
476 2000 502 2033 er

804 2063 829 2113 N
832 2062 914 2117 OTAE

307 2142 407 2192 monuit
428 2142 461 2191 de
481 2142 538 2206 ejus
555 2141 707 2202 sceleribus,
728 2148 756 2193 et
774 2144 837 2194 satis
878 2157 938 2192 nem
957 2139 1089 2204 captabat,
1116 2146 1147 2192 ut
1166 2144 1321 2193 testamento
1341 2137 1408 2197 illluq

307 2218 444 2278 incertum,
473 2232 523 2281 qno
544 2218 633 2268 mortis
656 2232 751 2281 genere
777 2233 838 2270 mox
878 2232 941 2286 opes
951 2215 1094 2265 invaderet.

307 2295 426 2379 perierit.
457 2294 552 2357 Sisque
574 2293 622 2343 boc
642 2294 699 2343 loco
719 2308 787 2342 nnnc
809 2308 838 2343 ae
910 2290 1085 2354 ¹²Defleuerut]
1117 2290 1251 2340 Tumenm
1261 2302 1407 2341 moremre·

307 2366 363 2431 ipse
375 2368 486 2417 absolvit
497 2381 544 2433 pro
550 2368 610 2432 jure
620 2383 666 2417 suo
676 2368 806 2418 liberius.
878 2376 984 2431 ceptum
994 2367 1073 2417 luisse
1089 2374 1163 2430 patet
1179 2381 1212 2415 ea
1227 2366 1333 2415 Sueten.
1349 2364 1407 2414 Tib.

341 2440 499 2495 ‘Prooitutia
524 2450 548 2504 et
571 2444 752 2509 discordiarum]
794 2443 839 2495 Sic
879 2457 945 2494 cxx.
956 2442 1125 2506 Composuit
1135 2449 1163 2491 et
1175 2455 1281 2491 carmen
1292 2440 1408 2504 lyncum,

306 2516 409 2582 Livius:
426 2518 556 2581 ‘pravitas
572 2522 703 2571 consulum
714 2520 839 2578 discordif
878 2520 951 2583 cujus
970 2525 1011 2568 est
1028 2518 1129 2581 titulus,
1148 2516 1308 2581 Conquestio
1327 2516 1360 2566 de
1376 2516 1407 2567 la.

306 2593 651 2657 aqueinteripsoa.'1v.tss.
877 2594 986 2647 cesaris
997 2592 1098 2651 morte!

342 2668 487 2731 Prooitatis]
519 2668 676 2721 Quodidem
693 2674 777 2718 astae
794 2668 839 2717 ira·
909 2668 1056 2731 ¹Corripuit
1073 2668 1175 2731 delator]
1208 2666 1363 2730 Impietatia,
1377 2672 1407 2717 ut

303 2744 442 2807 probitatis,
459 2758 516 2807 qna
533 2746 612 2793 etiarn
630 2744 775 2807 pertinacia
792 2759 838 2793 aen
878 2744 921 2809 qui
932 2744 1045 2794 carmine
1056 2744 1318 2804 compositomcrtem
1326 2743 1407 2794 Drusi

307 2818 456 2881 pervicacia
480 2817 506 2865 in
526 2816 634 2873 rixando
662 2817 714 2865 dici
743 2824 840 2883 potest,
879 2822 1043 2884 speravisset.
1067 2820 1242 2875 corticeis.
1259 2820 1407 2883 ‘Rexcog-

309 2892 382 2956 quasi
401 2892 440 2941 sui
452 2891 518 2942 libiti
538 2901 565 2943 et
581 2892 648 2943 sensi
668 2892 741 2942 nimis
760 2899 839 2952 tenax,
879 2897 934 2946 nita
950 2912 1035 2962 causa,
1050 2897 1236 2961 pronuntiauit,
1252 2894 1285 2945 ab
1305 2909 1408 2946 accnaa·

307 2965 412 3029 luisset5
439 2968 506 3019 unde
526 2968 639 3031 pravitas
660 2976 688 3018 ct
709 2968 838 3019 discordia
877 2973 977 3022 toribus
988 2987 1066 3022 unum
1083 2979 1111 3021 et
1123 2973 1149 3022 id
1161 2973 1300 3022 maximum
1312 2972 1407 3030 crimen

307 3050 443 3112 perpetua.
877 3049 1115 3113 essepraeteritum,
1124 3048 1331 3111 desperationem
1342 3048 1406 3097 selu-

340 3124 353 3161 s
369 3116 571 3183 Sordidomqueet
585 3122 753 3182 prepotentes
763 3132 839 3168 uaec-
879 3122 912 3171 tis
923 3138 992 3171 suar:
1005 3136 1134 3185 nunqnam
1145 3121 1284 3170 enimtalla
1294 3135 1405 3183 ausuros,

308 3193 369 3257 tom]
402 3192 542 3256 Explieaut
557 3200 657 3241 tantuin
675 3192 708 3241 de
726 3193 837 3245 divitiis:
878 3198 922 3262 qui
934 3198 1017 3260 ipsum
1029 3212 1061 3245 ex
1072 3196 1150 3246 ludia
1168 3198 1291 3260 sospitem
1308 3203 1407 3259 autop-

308 3268 354 3319 sed
376 3268 491 3331 pertinet
510 3269 588 3317 etiam
607 3267 640 3317 ad
659 3282 699 3331 ea,
715 3282 772 3332 quae
789 3282 838 3332 ope
878 3277 975 3321 taraeut
993 3271 1100 3334 reverti,
1117 3277 1164 3320 ant
1182 3271 1354 3321 credidissent
1369 3285 1406 3321 re·

306 3345 409 3395 illarum
430 3341 533 3394 allicere
561 3350 673 3408 poterat,
700 3344 721 3393 si
749 3345 838 3397 vellet.
880 3346 1029 3398 versurum!

308 3419 386 3483 Cujus
396 3419 432 3468 rei
444 3414 626 3469 documentum
634 3418 708 3470 dedit
718 3420 745 3469 in
762 3420 838 3485 Lepi·
907 3420 917 3465 l
931 3416 1010 3487 'AEgro
1022 3421 1113 3485 Dmo]
1145 3422 1225 3472 Forte
1235 3428 1407 3486 egrotaverat

308 3494 351 3555 da,
369 3494 403 3543 de
422 3508 473 3558 qua
491 3509 568 3558 supra
585 3508 628 3544 ιιι.
639 3498 679 3544 ii.
713 3496 799 3546 Etiam
810 3504 839 3546 et
877 3499 988 3558 Drusus,
1000 3512 1058 3547 cum
1075 3496 1190 3547 nondum
1210 3498 1328 3561 periisset
1343 3500 1405 3549 Ger·

307 3583 366 3634 qua
377 3574 440 3629 voto
451 3574 479 3617 et
490 3582 536 3631 spe
555 3568 653 3618 illarum
671 3584 685 3618 a
697 3571 839 3633 captatori·
877 3574 1001 3633 manicas,
1014 3579 1058 3622 aut
1069 3566 1140 3621 circa
1151 3587 1182 3621 ca
1199 3580 1324 3637 tempora.
1355 3572 1404 3624 Sed

308 3644 357 3697 bus
383 3644 591 3707 obtinendarum,
618 3644 706 3697 iacere
733 3648 838 3711 potnit:
877 3648 1064 3699 interveniente
1087 3656 1170 3699 morte
1192 3650 1353 3711 Germanici,
1378 3655 1405 3700 et

307 3720 406 3785 qnippe
427 3735 459 3769 ea
481 3734 540 3783 spes
562 3729 590 3771 et
612 3722 721 3771 aviditas
743 3723 838 3774 multos
877 3723 1074 3773 convalescente
1093 3723 1188 3786 Druso,
1207 3723 1283 3774 sunus
1301 3722 1405 3774 dederit

307 3796 431 3847 illiciebat
453 3797 558 3858 amicos,
577 3812 641 3863 quos
660 3804 746 3848 tamen
766 3813 837 3863 saepe
877 3795 1036 3847 Germanici.
1068 3796 1167 3847 Nonin
1178 3812 1211 3847 eo
1222 3797 1319 3847 crimen
1331 3799 1404 3848 Luto-

307 3873 383 3922 vivax
394 3887 474 3923 senex
489 3872 647 3923 ‘frustratur
658 3874 775 3939 biturca?
785 3890 838 3926 uon
877 3874 918 3937 ril,
935 3874 1003 3937 qnod
1023 3875 1106 3938 majus
1124 3876 1258 3939 praemium
1275 3881 1405 3938 sperasset

307 3946 363 3999 aiue
373 3948 457 3998 irrisu.
878 3962 912 3997 ex
921 3950 1010 3999 Druso
1009 3951 1152 4013 ‚precise¹
1164 3951 1210 4000 sed
1222 3951 1291 4015 quod
1303 3951 1330 4000 in
1342 3950 1403 4014 egri

339 4022 513 4086 Proepotentera
533 4024 661 4089 medum]
694 4026 770 4079 Quod
790 4028 839 4077 ise·
879 4024 958 4075 Drusi
969 4033 1079 4077 mortem
1090 4028 1278 4091 composuisset
1295 4040 1405 4091 carmen,

308 4094 372 4161 plda
382 4110 506 4159 oppressa
515 4098 550 4148 sit
561 4113 575 4147 a
585 4099 703 4164 Quirino,
720 4102 763 4165 qui
774 4116 840 4166 pras·
877 4108 906 4153 et
915 4103 953 4152 sic
962 4110 1072 4153 mortem
1088 4104 1144 4167 ejus
1155 4110 1294 4200 exoptasse
1305 4103 1403 4155 ridere·

308 4174 401 4234 potens
418 4170 505 4232 t'uerit,
522 4174 571 4223 boc
590 4174 682 4224 tribuit
700 4177 838 4227 Suetonius
877 4184 929 4231 tur.

306 4244 422 4297 avaritiae
439 4246 548 4312 Tiberii,
562 4262 608 4314 qur
599 4248 685 4301 bunc
698 4250 788 4301 orbum
797 4266 838 4304 se·
908 4253 985 4306 Quod
996 4254 1104 4305 amntem
1123 4251 1272 4321 principum
1288 4253 1402 4319 etlieip.
