3159 4917
168 422 310 486 Μαι]
337 474 356 491 ,
531 414 743 468 suusnrurs
766 416 843 467 ιιι.
867 418 918 469 rr.
1058 402 1062 411 '
1208 404 1276 473 977

172 571 208 631 nt
228 562 264 629 iu
281 562 426 628 insulam
443 559 688 645 deportaretun
709 558 851 627 Pontius
876 558 1089 645 Fregellanus
1111 562 1275 633 emitteret

169 664 318 735 ordinem
331 664 560 745 Senatorium
582 668 616 729 et
631 662 760 729 eaedern
773 670 900 746 poener’
914 664 949 729 in
962 662 1106 729 Laelium
1120 664 1275 731 Bulbum’

168 766 407 833 decernuntur:
427 766 464 831 id
486 764 623 849 quidem
646 773 680 831 α’
702 767 906 844 laetentibus,
929 766 1013 853 qrtiu
1034 764 1163 833 Bulbus
1185 769 1275 839 truci

167 868 358 953 eloquentia
369 869 564 945 habebatur,
578 873 725 952 promtus
739 868 914 933 adversum
927 869 1083 935 insontes.

211 972 266 1036 49.
288 970 414 1035 lisdem
440 970 559 1034 dicbus
587 970 670 1035 Sex.
714 968 891 1053 Papinius,
919 968 1093 1038 Consulsri
1134 969 1274 1051 fantis.

168 1068 372 1155 repentinum
393 1078 428 1137 et
451 1072 622 1137 informem
643 1070 771 1135 exitum
794 1070 928 1152 delegit,
945 1070 1039 1155 jecto
1063 1071 1098 1135 in
1116 1090 1274 1157 prmceps

167 1176 326 1255 corpore:
349 1192 453 1237 ceusu
466 1172 510 1237 ad
524 1176 661 1238 nauem
679 1171 897 1251 referebatur3
919 1192 1007 1255 quse,
1029 1170 1157 1255 pridem
1174 1192 1274 1257 repu-

166 1271 287 1351 diste,⁰
298 1265 579 1339 assentationibus
598 1278 700 1357 etque
722 1273 824 1337 luxui
838 1274 1038 1357 perpulisset
1054 1274 1215 1358 juvenem
1228 1274 1274 1341 sd

168 1430 220 1479 tius
230 1430 398 1495 Fregellanus
410 1436 503 1481 metu
513 1435 676 1491 moreretur3
692 1436 722 1480 et
738 1428 808 1479 idem
826 1428 982 1493 supplicium
998 1428 1026 1479 iu
1042 1430 1150 1481 lartum
1159 1430 1272 1483 Bulbum

167 1494 640 1559 tunsasque-emeatus
656 1494 784 1559 putribus,
798 1493 1273 1559 qrs'sliuldssstrseisessrrdisrepsts·

171 1557 250 1621 iuter,
258 1565 283 1608 et
292 1562 404 1611 dem
412 1560 548 1610 mestre
557 1561 646 1609 redu.

200 1622 250 1671 Sed
267 1624 330 1673 idrsr
347 1630 436 1689 tcsrpes
457 1624 516 1674 Seu.
533 1624 660 1687 Pupiniae,
677 1622 793 1672 mentun·
811 1623 887 1684 domu
904 1620 1044 1671 udttsmt
1061 1620 1274 1673 tumemus

160 1686 239 1749 fimi
248 1688 345 1747 mersit,
362 1690 431 1737 seius
442 1688 469 1738 is
477 1702 582 1751 preceps
591 1700 700 1751 supere:
714 1701 784 1735 cem
794 1686 820 1735 irr
834 1690 956 1750 purrsturr
967 1687 1024 1750 ejus
1034 1685 1210 1749 rrruedebutru,
1221 1702 1272 1751 psa

165 1750 258 1815 midos
268 1753 366 1816 repudio
376 1757 464 1819 prese,
480 1752 604 1803 trusum
615 1756 640 1801 et
650 1752 750 1802 imus
769 1750 891 1801 incitasset
899 1749 982 1816 fitium
993 1751 1025 1801 ud
1035 1764 1063 1799 es
1073 1748 1179 1815 lingitis,
1191 1750 1275 1815 quites

542 1942 545 1946 .
631 1925 810 1947 emovunt

168 2018 239 2071 derit
251 2022 386 2087 limatus,
403 2030 434 2075 ut
451 2031 526 2090 petet
541 2041 576 2076 ex
593 2025 672 2077 dictis
683 2026 711 2075 in
723 2031 777 2075 not.
789 2030 817 2075 et
827 2022 928 2077 emend.
939 2023 1034 2077 Aunsl.
1045 2039 1084 2078 rv.
1098 2029 1138 2077 lt.
1163 2024 1274 2079 Brstisr.

167 2091 215 2136 -i
233 2086 368 2139 Acidsllus
377 2086 476 2141 frustm
490 2090 703 2157 pmpositioncm
715 2089 823 2140 omittit.
840 2090 916 2140 ldeus.

663 2200 772 2251 ΝΟΜ

166 2294 285 2344 dulteriis
306 2301 335 2345 et
362 2296 540 2360 congressibus
561 2296 699 2347 Albucillre
737 2295 1005 2347 tumordinemutum
1017 2296 1103 2349 fuisse.

166 2368 402 2436 bvmsublrortur,
412 2372 512 2434 domes,
525 2374 568 2423 rel
584 2373 647 2439 quid
664 2374 699 2422 si·
769 2378 783 2403 ⁰
800 2370 870 2435 Qus,
884 2371 978 2435 pisse
992 2372 1128 2436 repsallere]
1148 2374 1272 2439 cupiunt,

166 2445 464 2498 mllesubrninistrendo.
487 2448 532 2499 sle
546 2446 658 2499 intrude
673 2464 700 2499 e·
738 2448 812 2513 quusi
832 2446 877 2496 diu
895 2447 1058 2513 multumque
1077 2448 1213 2513 repudiets
1231 2464 1272 2500 re-

166 2521 485 2586 qnltlmeoml.1r.l·
516 2525 619 2577 ‘crure
628 2525 699 2575 necis
739 2523 868 2589 pulsuque
890 2530 960 2575 esset
980 2540 995 2575 e
1012 2523 1074 2589 tillo,
1093 2526 1167 2588 cujus
1185 2540 1274 2577 eruore

167 2610 201 2646 en
211 2611 253 2660 co,
263 2598 333 2663 quod
345 2599 449 2649 domum
467 2614 540 2650 suern
559 2600 699 2651 Mnesteris
739 2605 878 2649 teneretur
888 2602 953 2664 ipss.

166 2682 195 2723 et
220 2674 345 2739 Poppae
369 2676 551 2741 congressibus
574 2676 700 2742 prrsbuls·
771 2675 824 2725 Sed
835 2678 926 2727 mellus
941 2682 991 2739 est,
1011 2677 1172 2741 repudistem
1191 2676 1272 2730 fnisse

167 2751 244 2803 seut!
680 2769 683 2775 ¹
738 2750 842 2816 pridem
861 2766 878 2801 e
897 2752 1002 2813 merito,
1022 2758 1098 2817 petre
1120 2754 1196 2817 hujus
1216 2752 1273 2818 filli,

197 2824 205 2859 ¹
221 2826 350 2891 mem]
365 2828 467 2879 Nomen
487 2828 637 2880 familiares
653 2830 698 2880 ho.
738 2840 816 2891 quern
828 2840 879 2875 suni
888 2840 958 2876 curre
967 2826 1086 2877 rellctnm
1094 2826 1272 2892 indulgentius

165 2902 252 2965 minis,
261 2916 313 2953 uon
324 2902 473 2967 sacerdotii,
483 2911 529 2954 eut
538 2904 684 2969 dignitatis.
738 2917 787 2968 pro
800 2902 875 2965 genio
886 2902 1004 2952 muliebri
1015 2902 1153 2966 educebat,
1161 2918 1271 2969 sumque

196 2984 217 3015 ⁸
232 2978 378 3043 meme]
394 2976 545 3044 Nmrferte,
561 2981 700 3045 quieprsr·
738 2979 845 3029 tendum
865 2978 1105 3029 ‘esseutstiuulbus
1133 2986 1161 3029 st
1189 2980 1273 3041 luxu:

165 3052 347 3117 tunionem,
366 3054 424 3118 sed,
442 3056 503 3120 quis
520 3058 645 3121 presteris
660 3056 699 3107 irr-
738 3054 808 3105 t'orte
820 3060 848 3103 et
859 3053 953 3104 incesti
970 3052 1077 3118 degitis,
1087 3054 1168 3119 (quod
1185 3060 1271 3104 tamen

165 3132 248 3197 signis
258 3132 422 3197 obtinuisset,
432 3146 492 3182 nem
503 3131 642 3198 distinguit
651 3132 699 3183 'ls-
738 3144 791 3181 uon
803 3129 869 3179 dicit
879 3130 989 3195 presules
998 3128 1118 3195 Tecitus)
1127 3144 1159 3180 eo
1176 3144 1272 3195 perpu-

165 3210 233 3261 citus
243 3210 313 3262 iuter
320 3211 461 3277 preturium
472 3216 500 3261 et
507 3216 618 3276 pratus
627 3210 699 3273 Μ-
738 3207 779 3270 lit,
797 3212 828 3257 nt
844 3206 986 3257 remedium
996 3206 1004 3235 ⁴
1014 3218 1066 3256 uun
1076 3205 1127 3257 nisi
1138 3212 1223 3257 morte
1234 3206 1272 3256 in-

166 3290 225 3335 tere.
737 3282 860 3335 veniret!

191 3363 212 3391 ’ἱ
227 3360 323 3409 Eodem
332 3360 418 3425 putee]
432 3354 516 3425 Puto,¹
530 3365 560 3412 ut
576 3362 656 3413 etiem
671 3360 699 3412 in
770 3358 865 3411 Potuit
886 3362 960 3409 certe
981 3355 1152 3407 intervenisse
1174 3357 1271 3409 crimen

166 3434 276 3485 insulem
287 3435 479 3499 deportaretur,
490 3434 528 3485 slc
539 3437 607 3487 enim
619 3445 648 3488 et
657 3451 698 3488 or·
737 3438 813 3501 illud,
832 3436 878 3487 sed
896 3450 929 3485 er
940 3434 1025 3485 serbis
1034 3434 1117 3484 Taciti
1136 3448 1188 3484 non
1207 3434 1270 3485 setis

167 3510 254 3559 dinem
266 3516 295 3560 et
308 3510 442 3561 ciritntern
458 3511 532 3562 simul
550 3512 697 3563 emittebat.
738 3514 822 3580 liquet
831 3510 909 3561 fuisse
921 3510 1066 3561 convictum
1077 3510 1145 3560 tenti
1156 3502 1270 3561 sceleris.

168 3582 230 3635 Non
239 3584 308 3635 forte
319 3586 388 3650 qnod
402 3586 499 3637 Bulbus
511 3588 627 3639 minister
636 3587 698 3639 fuis·
738 3589 824 3639 litium
835 3588 908 3649 luxu,
925 3585 1097 3650 prodigentia,
1114 3591 1143 3633 ct
1161 3584 1217 3643 eliis
1236 3586 1270 3634 sb

167 3667 208 3711 set
218 3668 377 3728 stuprorum,
394 3662 440 3714 ssd
457 3663 517 3729 quis
525 3664 644 3715 innoxios
657 3678 698 3714 sc-
737 3664 837 3715 incesto
848 3660 962 3726 degitils,
971 3677 1004 3711 cu
1014 3661 1101 3726 putuit
1113 3660 1221 3725 perduci
1227 3661 1274 3723 ju-

166 3737 289 3802 cusundo,
299 3739 438 3790 multorum
449 3740 510 3790 odis
520 3741 548 3790 iu
564 3752 593 3790 se
607 3740 697 3790 sdver-
737 3742 819 3804 renis,
835 3745 865 3789 ut
882 3738 932 3788 uisi
950 3744 1034 3788 morte
1046 3738 1071 3786 ci
1082 3734 1199 3786 succurri
1218 3748 1270 3785 nou

166 3820 249 3866 teret:
266 3817 363 3879 suprs‘
374 3815 442 3865 unde
453 3816 505 3867 illis
516 3815 592 3868 odis!
736 3826 836 3882 posset.

197 3889 293 3956 Sisque
304 3890 587 3955 proptcrstrucitetenr
597 3904 697 3941 murm
767 3901 782 3936 r
798 3896 877 3958 Atque
887 3890 957 3957 lues]
973 3894 1014 3942 De
1026 3892 1200 3957 quessnecu:
1217 3884 1272 3943 ‘Ul

164 3973 193 4017 et
204 3980 310 4032 prursm
321 3964 469 4017 iscuudlern
484 3966 512 4017 lu
528 3966 613 4016 insule
627 3968 698 4017 cleu·
738 3968 1118 4019 tinsmllberorumnustrorum
1125 3982 1209 4018 merce
1218 3984 1269 4021 non

165 4050 267 4094 mest.
283 4042 472 4093 Similisbebcs
481 4044 697 4109 exemplssuprs.
736 4043 1270 4110 ipslperdereruus:infantiumstetinrde·

166 4120 243 4169 Forte
254 4125 366 4184 prepter
376 4124 525 4185 utrumqne,
543 4127 572 4170 et
582 4120 643 4184 qula
659 4118 698 4170 is·
737 4120 805 4171 liciis
824 4118 954 4170 solvimus.
988 4119 1270 4185 Mullislllseducstlo‚

165 4196 246 4246 risset
254 4194 392 4247 Albuc‘dloe
404 4198 544 4259 umoribus,
554 4204 582 4249 et
592 4196 698 4263 quisin-
737 4212 816 4265 quem
831 4194 1017 4260 indulgentium
1029 4208 1159 4259 vocemus,
1173 4210 1268 4247 nervos

165 4276 253 4322 sontes
265 4277 447 4336 oppresserrt3
464 4282 529 4338 putu
540 4282 629 4326 temen
640 4280 697 4327 tes·
737 4286 826 4326 omues
836 4280 866 4325 et
875 4274 969 4324 meut's
980 4281 1009 4326 et
1027 4276 1144 4342 eorporis
1162 4272 1268 4339 treugis.

230 4352 508 4417 persumere
679 4355 758 4409 res.
1066 4401 1071 4411 ,
1150 4356 1203 4408 eo
