3159 4917
310 330 380 401 ddi
667 339 698 396 t.
722 343 903 395 connnnn
926 339 1054 398 sacrm
1254 340 1446 409 [nmen.

309 492 577 575 ‚telligercturque
599 491 710 568 etiam,
731 488 821 572 qnod
843 483 989 560 silebat‚‘¹
1002 484 1199 550 auunculum
1213 500 1287 547 esse
1300 483 1439 567 Seiani

317 595 477 670 Blesum,
493 598 593 675 atque
607 609 648 654 eo
660 589 889 674 praevalidum.
933 585 1123 668 Respondit
1145 584 1289 660 Blaesus,
1303 586 1439 667 specie

315 696 525 770 recusantia,⁸
548 693 608 757 sed
629 711 736 774 neque
771 690 889 754 eadem
912 687 1166 764 asseveratione,
1191 691 1225 749 et
1253 702 1436 750 consensu

317 792 532 863 adulantium
543 795 632 859 haud
642 796 746 879 jutus¹
759 798 822 857 est.

318 976 700 1041 tmquou·rertcetar,.131‹esum
720 990 768 1025 esse
786 974 923 1023 nomam
942 972 1031 1033 Sq'rai,
1050 972 1145 1035 ideoque
1153 970 1338 1035 prepollentes
1375 972 1432 1021 Re·

318 1043 412 1105 spmulit
427 1043 520 1091 Btaesm
530 1044 556 1089 in
567 1042 673 1103 speciem,
684 1041 751 1103 quusi
762 1039 871 1087 bonmm
882 1038 998 1097 resumi,
1011 1037 1052 1085 sed
1070 1052 1144 1098 neque
1160 1038 1239 1085 eudem
1249 1034 1433 1101 <affirmationum

319 1112 343 1156 et
353 1120 463 1156 consensu
471 1106 649 1168 assentantium,
658 1104 776 1169 idemque
787 1115 845 1152 curn
853 1104 897 1151 illo
909 1102 1059 1165 solentium,
1069 1102 1163 1150 auditus
1173 1106 1217 1151 est.

780 1247 926 1267 ΙΙΙΙΙΙΙΙΙ
930 1247 957 1266 u

354 1350 367 1396 1
386 1346 418 1396 ln
430 1348 482 1397 Ms.
499 1348 568 1397 Flor.
588 1348 651 1398 baud
661 1348 740 1410 juslru
749 1354 794 1398 est.
827 1347 934 1410 Optime
945 1345 1091 1396 emendavit
1100 1346 1159 1398 dac.
1170 1346 1322 1405 Gronovius,
1332 1345 1360 1393 in
1373 1356 1429 1407 qno

321 1410 446 1460 Ernestus
464 1419 492 1460 et
509 1426 556 1460 nos
576 1427 605 1461 ac
624 1414 768 1474 niescimns,
787 1413 850 1461 baud
863 1412 933 1471 jutus
950 1417 994 1460 est.
1026 1410 1069 1459 Sic
1089 1408 1182 1461 Annal.
1203 1424 1261 1459 ιιι.
1279 1416 1302 1460 t.
1319 1410 1430 1472 menia,

305 1477 508 1545 'temporsctism
521 1477 587 1537 juta.
645 1478 736 1527 essime
756 1484 783 1525 et
800 1482 892 1525 eontra
906 1473 994 1523 Taciti
1011 1479 1134 1535 mentem,
1145 1476 1244 1523 munus
1264 1482 1309 1523 est.
1342 1474 1429 1535 AEqne

321 1537 463 1588 infeliciter
482 1540 649 1602 alii,ud1'utus
670 1546 712 1591 est.
748 1540 881 1603 Bipontini
903 1552 1005 1603 quoqne
1023 1539 1074 1602 ipsi
1095 1546 1218 1602 promunt
1245 1540 1428 1603 conjecturam

321 1618 403 1669 arram,
411 1603 475 1654 taut
485 1606 552 1655 ansas
560 1611 604 1654 en.
621 1607 653 1656 ll.
664 1606 694 1656 C.
705 1610 745 1655 11.
756 1617 793 1654 vr.
804 1609 846 1653 62.
874 1604 981 1653 Brotier.

823 1715 929 1767 NOTAE

322 1819 412 1879 posset
423 1830 430 1874 ;
440 1820 553 1876 senatus,
561 1828 593 1864 ne
602 1814 779 1879 respub.bouo
787 1814 854 1863 duce
910 1809 921 1842 f
930 1810 978 1859 Sed
990 1811 1332 1873 arqueeodemasseceratione,
1341 1816 1428 1859 aas»

324 1895 436 1951 careret,
447 1891 530 1955 patris
541 1892 589 1940 sibi
606 1898 693 1954 partes
705 1890 848 1940 desumit?
891 1900 960 1935 unsa
986 1886 1145 1949 mahalon]
1180 1886 1256 1937 Prius
1281 1886 1426 1935 membrum

355 1965 367 1998 ‘¹
385 1967 477 2030 Etiam,
496 1970 557 2029 quod
578 1967 673 2029 silebat]
700 1967 760 2016 Alia
775 1967 855 2017 etiam
894 1962 1009 2025 pertinet
1021 1962 1054 2011 sd
1064 1976 1171 2026 eaquae
1179 1962 1217 2011 de
1228 1964 1307 2011 Blasi
1319 1976 1426 2013 excusas

326 2043 461 2093 recusandi
485 2043 554 2091 ratio
576 2044 637 2091 satis
662 2043 858 2107 conjiciebatur,
894 2036 966 2086 tione
986 2037 1089 2088 dixerat
1110 2045 1217 2089 anctor:
1243 2038 1356 2100 speciem
1371 2038 1426 2100 qui·

326 2118 442 2183 quamvis
454 2132 509 2167 eam
522 2118 578 2181 ipse
595 2118 727 2179 reticeret,
736 2118 807 2167 illurn
819 2118 858 2167 ni·
895 2112 954 2163 dem
976 2127 1035 2163 enm
1054 2114 1199 2164 recusatis
1217 2114 1368 2178 praebuisse,
1378 2113 1426 2161 sed

325 2194 418 2243 mirum
435 2194 504 2241 nolle
518 2193 676 2243 contendere
693 2208 750 2243 curn
762 2194 859 2256 Blaeso,
895 2204 946 2239 non
966 2192 1022 2252 pari
1039 2203 1070 2239 ac
1089 2190 1218 2255 Lepidum
1237 2190 1425 2252 asseveratione

326 2269 370 2333 qui
393 2268 532 2317 avunculus
552 2269 638 2332 Sejeni
660 2276 737 2329 esset,
757 2276 785 2321 et
801 2269 858 2332 ejus
896 2267 985 2315 nixum
996 2279 1061 2315 esse.

327 2344 446 2409 potentia
454 2344 588 2405 subnixus,
604 2346 688 2408 potuit
699 2346 859 2409 remulospo-
930 2342 1078 2391 Assconutio
1094 2347 1135 2391 est
1154 2342 1248 2393 serium
1263 2347 1291 2391 et
1308 2348 1424 2392 corutans

328 2420 431 2470 testatis
444 2418 688 2471 facilesubvertere.
897 2416 1079 2482 persuadendi,
1105 2433 1162 2482 que
1181 2419 1354 2482 proposueris,
1372 2427 1422 2467 stn-

360 2494 469 2559 ‘Speeis
491 2495 628 2557 commatis]
661 2497 761 2546 Blaesus
779 2496 859 2546 etiam
899 2493 969 2543 dium
995 2499 1024 2542 et
1045 2494 1187 2545 contentio.
1219 2494 1263 2543 Sic
1285 2494 1354 2557 apud
1369 2508 1426 2543 nos·

327 2571 465 2635 imaginem
475 2572 618 2621 recusantis
629 2570 750 2637 praebuit,
761 2571 807 2619 sed
817 2584 861 2620 ne·
899 2575 967 2619 trnm
995 2569 1140 2634 aliquoties.
1180 2569 1249 2626 Dein
1277 2570 1364 2620 audita
1385 2576 1423 2619 est

328 2661 378 2711 qne
391 2647 427 2697 ita
436 2648 546 2710 intente,
557 2646 861 2711 nequeitaperseveran·
899 2646 957 2709 ejus
983 2647 1067 2695 oratio
1093 2660 1219 2694 consensu
1254 2647 1424 2711 applausuque

328 2730 370 2773 ter
382 2738 409 2772 se
422 2724 575 2782 excusauit,
598 2722 642 2772 sed
667 2729 727 2785 post
748 2722 861 2784 aliquam
899 2736 997 2785 eornm,
1008 2723 1051 2785 qni
1068 2722 1118 2784 ipsi
1136 2720 1322 2781 adulabantur;
1344 2722 1426 2770 adula-

328 2798 529 2861 cunctationem,
545 2796 703 2861 provinciam
718 2810 747 2845 se
758 2810 863 2859 suscep·
901 2799 997 2848 bantur
1011 2804 1099 2848 autem
1116 2812 1213 2861 ornnes,
1232 2805 1262 2848 ut
1275 2800 1422 2848 arunculam

329 2880 415 2925 turum
433 2888 489 2925 esse
507 2872 637 2939 professus
649 2879 705 2922 est:
724 2871 862 2935 ideoqnes
900 2876 997 2939 sejani.
1015 2875 1125 2924 Fecistis.

328 2952 463 3013 Patribus,
475 2953 519 3017 qui
543 2966 590 3015 per
603 2951 674 2999 illum
692 2948 780 3012 sejani
792 2946 863 2998 faro·
933 2953 969 3001 Et
987 2966 1096 3001 mnas
1113 2951 1271 3013 delminio]
1315 2950 1372 3000 Non
1387 2965 1424 2999 ea-

328 3040 383 3075 rem
407 3027 597 3083 adulationibus
620 3025 780 3089 querebant.
803 3038 864 3072 con·
901 3029 961 3079 dem
970 3028 1159 3078 asseveratione
1175 3027 1423 3076 seeseusabatslae·

328 3116 406 3151 sensu
425 3102 594 3166 laudibusque
617 3107 728 3165 excepta
750 3108 792 3150 est
807 3100 863 3163 ejus
899 3118 954 3166 sus,
972 3111 1001 3154 et
1019 3103 1128 3167 perinde
1138 3103 1242 3152 auditus
1252 3102 1287 3150 ab
1295 3100 1425 3150 adulatori·

330 3174 421 3226 oratio.
439 3178 548 3228 Freinsls
901 3180 949 3230 bns
960 3190 990 3230 ut
1007 3181 1197 3241 seexeusabat,
1211 3180 1321 3228 molliter
1330 3189 1423 3242 nerups,

362 3253 446 3317 Specie
469 3254 612 3317 recusantis]
651 3254 753 3303 Blaesns
778 3268 863 3317 neque
902 3260 1010 3321 etquasi
1022 3271 1073 3305 non
1084 3256 1206 3319 rejiceret
1218 3256 1339 3303 bonorem
1349 3255 1422 3302 illum.

331 3332 388 3395 pari
408 3332 597 3381 asseveratione
615 3331 773 3394 provinciam
790 3345 863 3379 recn-
902 3333 1053 3398 Eodemque
1064 3346 1141 3381 sensu
1148 3332 1250 3381 auditus
1261 3344 1306 3379 sen
1318 3329 1422 3378 intellec·

331 3408 400 3457 savit
418 3422 448 3457 ac
470 3407 594 3471 Lepidus,
610 3421 695 3471 neque
712 3406 790 3456 etiam
807 3406 864 3470 pari
902 3417 962 3471 tus,
984 3411 1011 3458 in
1032 3422 1089 3458 earn
1111 3414 1223 3456 mentem
1236 3406 1292 3469 pari
1308 3418 1422 3454 consensu

332 3482 428 3541 affectu
445 3483 548 3533 unditus
565 3499 581 3532 a
597 3482 729 3545 Patribus,
745 3482 864 3547 aquibus
904 3487 1062 3535 adulantium
1082 3492 1223 3547 exceptus3
1252 3482 1313 3546 qnia
1335 3482 1423 3530 scilicet

332 3560 415 3624 magis
443 3560 590 3609 intellectus
612 3564 652 3609 est
673 3565 703 3608 nt
726 3558 867 3619 sentiebat,
904 3578 956 3612 non
978 3562 1041 3610 satis
1060 3565 1222 3607 recusantem
1238 3572 1295 3607 eum
1307 3558 1421 3606 illiciam

332 3653 410 3704 quam
422 3635 633 3701 ntloqnebatur;
650 3637 770 3699 etmagts
782 3643 866 3685 utres
905 3653 958 3687 non
980 3638 1043 3685 satis
1071 3635 1241 3695 excusabant,
1266 3635 1343 3683 immo
1363 3635 1422 3681 ultro

334 3721 401 3777 erat,
411 3728 537 3776 accepere
546 3712 649 3777 Patres,
667 3727 744 3778 qnam
755 3718 785 3761 nt
795 3711 865 3761 dice·
906 3712 1096 3762 adulationibus
1107 3712 1292 3776 impellebant:
1304 3709 1423 3775 itaqneilli

332 3792 420 3854 batur,
430 3796 458 3839 et
469 3790 495 3839 in
507 3806 538 3839 eo
550 3804 597 3853 par
603 3804 740 3839 consensus
747 3790 867 3850 Petrum,
905 3790 1103 3839 consentiebant
1113 3790 1182 3839 inter
1193 3805 1221 3838 se
1232 3796 1259 3837 et
1270 3802 1329 3838 cunr
1342 3788 1423 3847 Blaeso,

334 3874 364 3917 nt
384 3881 440 3917 rem
460 3864 593 3927 offerrent,
613 3880 671 3930 quse
688 3864 866 3915 recusabatur·
905 3866 943 3914 ita
953 3873 983 3914 nt
991 3865 1110 3915 audirent
1121 3879 1189 3928 enm,
1201 3879 1250 3928 qno
1262 3863 1337 3912 modo
1347 3863 1422 3925 loque

334 3942 502 4006 inspeciem
529 3942 666 3993 recusabat
686 3942 795 4003 Blaesus,
817 3952 866 3989 nec
906 3942 992 3991 batur.
1074 3992 1087 4013 ,

334 4020 393 4085 pari
411 4021 603 4071 asseveratione
627 4034 658 4069 ac
688 4017 812 4081 Lepidus,
839 4022 867 4065 et
939 4018 1104 4081 Eteonscaau]
1117 4016 1422 4080 ResponditBlscsuequa·

335 4109 459 4145 consensu
469 4095 629 4146 adulantium
639 4093 868 4158 Patrumsudttm,
906 4093 928 4143 si
940 4101 1071 4144 recnmret
1083 4092 1254 4158 provinciam,
1264 4092 1310 4140 sed
1320 4106 1365 4139 non
1375 4088 1422 4152 pari

334 4172 534 4238 intellectusque
544 4178 596 4225 est.
905 4170 1050 4222 mussantis
1065 4184 1098 4220 ac
1107 4168 1231 4232 Lepidm.
1257 4168 1350 4232 Neque
1357 4165 1422 4216 eura
