3159 4917
307 368 375 435 624
666 382 699 430 0·
721 379 902 429 CORNELI!
925 379 1052 428 nnctnl
1253 384 1302 451 [A.
1313 384 1355 437 U.
1372 390 1452 437 776.

312 576 321 585 .
351 525 409 592 66.
432 524 600 590 Paulatim
614 523 745 600 dehinc,
760 524 805 588 eb
820 521 986 587 indecoris
1001 521 1045 585 od
1061 522 1182 589 infeste
1194 524 1444 605 transgredie-

308 629 438 693 bentur.
484 625 524 691 C.
540 626 701 701 Silenum,
716 624 970 689 Proconsulem¹
987 622 1109 711 nster
1125 625 1396 707 repetundarum
1414 646 1443 690 a

307 730 412 793 sociis
425 729 641 812 postulatum,
663 726 854 791 Mamercus
870 728 1017 791 Scaurus
1039 747 1058 789 e
1080 724 1333 806 Consularium,
1350 726 1386 793 J
1387 748 1439 792 u-

308 831 385 895 nius
413 828 502 893 Otho
531 829 672 907 Proetor,
700 828 873 893 Bmtidius
900 827 1002 909 Niger
1025 827 1162 904 AEdilis,
1187 829 1283 892 simul
1308 830 1438 897 corri-

309 933 419 1016 piunt,
442 931 680 1015 objecteutqne
714 929 915 1009 ‘violatum‘
941 927 1085 1011 Augusti
1110 948 1240 1006 numen,
1267 940 1436 1014 spretam

308 1032 433 1097 'liberii
447 1028 685 1115 mejeststemz’
719 1029 923 1107 Mamercus,
945 1030 1081 1112 antiqua
1095 1032 1251 1113 exempla
1268 1030 1432 1113 jaciens,

309 1138 320 1166 ‘
335 1133 378 1198 L.
391 1129 539 1197 Cottumf
557 1152 579 1196 u
600 1132 762 1216 Scipione
778 1130 951 1209 Africano,
968 1130 1039 1195 Ser.
1055 1130 1214 1195 emnam·
1238 1151 1260 1197 u
1285 1132 1432 1199 catone

310 1235 473 1311 censorio,
489 1233 530 1298 P.
545 1233 710 1299 Rutilium
735 1254 757 1297 e
778 1232 830 1298 M.
855 1233 981 1297 Scauro
1004 1231 1204 1297 accusatos!
1246 1232 1430 1299 Videlicet

310 1336 427 1422 Scipio
443 1341 476 1400 et
491 1334 577 1400 Cato
590 1335 672 1400 tolie
685 1333 953 1413 ulciscebantur,¹²
968 1338 1025 1399 ant
1046 1334 1100 1399 ille
1126 1330 1292 1412 Scaurus,¹
1313 1354 1426 1419 quem

345 1518 507 1568 Exiseesmss
523 1534 539 1567 e
548 1516 657 1581 flagitiis
670 1518 703 1565 sd
718 1517 806 1565 securo
825 1513 1138 1563 reseraturum
1155 1512 1260 1565 Seuerus
1275 1512 1423 1575 munieris,

308 1582 399 1632 suetus
409 1582 473 1631 ortu
485 1588 584 1646 proetm,
595 1580 725 1631 Bruttidius
735 1580 815 1641 Niger
825 1578 910 1641 addis,
928 1578 1000 1629 simrd
1010 1579 1123 1627 iscmsst
1137 1580 1165 1627 C.
1178 1578 1287 1627 Silurum
1300 1549 1423 1627 rectores:

309 1647 384 1711 Λεία,
403 1647 525 1710 pentem
542 1661 558 1694 u
576 1617 763 1721 proeisddilu
769 1596 929 1700 ‘metris
954 1643 1140 1706 exprobratque
1159 1642 1281 1693 violatam
1300 1642 1422 1705 Augusti

309 1710 482 1773 diuinitstem,
492 1716 649 1759 contemtum
659 1707 756 1757 Tiberii
768 1708 943 1771 majestatem.
984 1706 1118 1756 dissuescere
1128 1712 1219 1755 cousin
1230 1706 1335 1775 exemplu
1351 1706 1421 1767 rese·

308 1774 384 1835 reiut,
404 1775 435 1824 L.
450 1776 555 1825 Cottam
575 1788 591 1822 s
608 1772 731 1835 Scipione
742 1769 879 1831 Africano,
898 1774 953 1818 Ser.
971 1770 1083 1820 Gelbem
1099 1786 1115 1819 s
1131 1772 1232 1821 Cetoue
1242 1771 1371 1833 censorio,
1381 1770 1417 1820 P.

310 1810 436 1889 Potitium
449 1838 512 1888 sM.
519 1838 616 1888 Securo
627 1836 729 1887 deletos
740 1849 806 1885 esse.
848 1806 971 1885 Nimirum
982 1834 1062 1899 Scipio
1072 1841 1096 1885 et
1108 1837 1168 1887 Cute
1183 1836 1244 1885 tutio
1253 1834 1416 1899 oisdimiuut,

769 1994 947 2015 00000000000

692 2084 705 2129 1
724 2080 863 2129 Prososurle
874 2076 1030 2130 Gronovius.

803 2244 910 2302 NOTAE

310 2378 420 2441 tienne,
437 2391 577 2444 perquem
595 2378 659 2429 nihil
677 2380 841 2444 mcumbsnt,
882 2381 1026 2432 Orstorer.
1053 2379 1227 2432 oresiesis.
1258 2378 1361 2443 lipsius.

310 2452 671 2520 quodrelipsissutcidtsti
692 2455 841 2520 pudendum
913 2456 1200 2520 ¹¹Pulloseteiseelmstur]
1223 2456 1301 2509 Quod
1312 2468 1360 2505 non
1370 2468 1411 2506 re·

309 2537 390 2594 estet,
396 2531 473 2582 modo
481 2530 592 2596 principi
600 2533 762 2583 voluptutem
768 2548 841 2584 suem
881 2532 1016 2583 ferendum
1028 2532 1061 2582 ed
1077 2534 1224 2597 repetendus,
1242 2530 1408 2597 supre‚(uem

234 2664 241 2674 ,
307 2607 492 2672 spprolisrent.
880 2609 944 2659 telis
954 2610 1043 2660 ulcisci
1055 2616 1176 2674 poterunt
1185 2608 1272 2672 Scipio
1286 2614 1314 2657 et
1325 2604 1409 2671 (istm)

340 2684 353 2719 ⁴
368 2686 535 2736 Prsmsssless
545 2684 623 2749 Asia]
638 2686 841 2738 Proconsnlstus
880 2684 926 2733 sed
937 2683 970 2733 ud
980 2684 1099 2748 proxime
1107 2682 1409 2748 objectscrimins‚‘rio·

308 2759 381 2810 Asia
401 2761 553 2809 continebit
571 2768 673 2824 purtem
694 2764 841 2812 occidente·
879 2758 960 2806 lutum
973 2758 1206 2823 degressumn:
1222 2758 1357 2821 ‘spretum
1366 2756 1407 2805 'ii-

308 2835 361 2885 lem
372 2832 444 2883 Asius
455 2834 571 2893 minoris,
583 2836 616 2884 ed
635 2849 705 2885 mere
715 2837 840 2900 mom,
881 2832 946 2881 berii
957 2833 1138 2897 majestatem!

308 2912 337 2958 et
349 2906 392 2958 ubi
403 2909 542 2971 provincie
552 2910 641 2974 AEolis,
652 2911 735 2971 lonis,
745 2919 774 2963 et
784 2912 840 2962 Do·
913 2910 948 2961 Et
969 2910 1032 2960 telis
1056 2916 1127 2960 certe
1149 2923 1199 2959 nou
1220 2907 1406 2959 ulciscebantur

309 2983 360 3033 ris:
393 2998 427 3033 ex
448 2985 542 3035 noritis
568 2986 669 3051 imperii
693 2987 785 3039 orient.
812 2996 840 3037 et
879 2987 1040 3037 ueteresilli.
1074 2987 1116 3036 Ne
1133 2986 1195 3035 setis
1214 2985 1284 3034 illum
1302 2984 1404 3033 erimine

309 3059 442 3110 Peuciroli
470 3064 664 3127 commentorio,
695 3076 755 3127 csp.
782 3068 840 3115 1o1.
879 3062 1406 3127 repetuudsromsubvertcrepossetScsu·

310 3133 434 3186 ntum
879 3154 931 3203 rus,
955 3140 1029 3189 addit
1049 3140 1147 3189 crimen
1169 3137 1321 3202 mejestatis,
1341 3135 1403 3201 quod

340 3214 353 3242 e
381 3209 512 3272 Virtutum]
550 3210 745 3276 oojmtmrque
770 3213 845 3281 quod
880 3216 992 3264 omniurn
1020 3215 1156 3264 criminum
1184 3212 1403 3275 complementum,

308 3284 373 3335 Diri
383 3283 494 3348 Augusti
505 3300 599 3336 numeru
617 3288 731 3352 perjnm
748 3288 840 3339 violes·
880 3289 949 3354 quod
961 3290 1046 3339 scelus
1058 3289 1174 3338 ultimum
1185 3300 1235 3336 noo
1251 3286 1291 3335 rei
1309 3286 1403 3336 sedde·

309 3366 367 3411 sets
391 3362 430 3411 sic
452 3362 565 3411 Freinsh.
605 3363 657 3413 Sed
669 3371 741 3414 certe
752 3362 839 3427 potuit
879 3368 999 3428 lotorum,
1010 3367 1078 3431 qnod
1091 3367 1188 3417 crimen
1200 3379 1289 3416 eorum
1300 3364 1346 3429 qui
1355 3364 1404 3413 nul·

309 3436 386 3487 eliter
397 3437 487 3486 violari
498 3452 591 3489 numen
600 3440 673 3505 hujus
686 3441 748 3508 Del,
762 3455 838 3506 quem
879 3441 931 3491 lum
943 3443 1040 3491 crimen
1050 3440 1183 3491 heberent.

307 3510 438 3577 perjurior
454 3526 504 3563 nec
515 3512 580 3564 dicit
588 3516 649 3565 Tse.
661 3530 711 3579 quo
721 3513 838 3565 iocinore
910 3516 918 3550 ¹
934 3518 979 3567 ltle
991 3517 1105 3581 Semirus]
1124 3518 1227 3580 Nempe
1238 3518 1276 3566 M.
1289 3517 1401 3581 Securus,

307 3588 506 3638 steteruniltud
524 3590 573 3651 slt3
598 3604 647 3640 uec
663 3590 744 3640 debet
759 3592 838 3640 iuter·
879 3594 923 3658 qui
945 3600 986 3643 ter
1006 3594 1126 3657 princeps
1146 3601 1259 3655 senatus,
1276 3599 1304 3642 et
1322 3592 1400 3658 quiin

308 3678 368 3729 pres
388 3664 415 3713 in
437 3679 466 3714 re
486 3666 606 3729 embigue
626 3667 710 3717 Taciti
724 3675 837 3717 mentem
879 3675 953 3718 tento
972 3667 1076 3733 decore,
1093 3676 1274 3733 psupertstem
1292 3668 1400 3733 profiteri

307 3738 460 3789 extendere.
775 3751 779 3757 '
878 3744 1053 3793 nouerubult.
1095 3744 1153 3793 vet.
1169 3745 1240 3793 Μιι.
1257 3751 1332 3794 rut.
1347 3744 1399 3794 ‘tt

338 3812 396 3866 ¹1.
409 3816 516 3880 cesus]
533 3817 625 3867 Cicero
633 3818 838 3869 Disinstionein
877 3826 965 3869 eutem
986 3820 1098 3870 Seuerus
1121 3820 1270 3885 quantulum
1291 3835 1308 3868 e
1333 3826 1399 3883 petre

306 3890 427 3955 Verrem,
444 3892 531 3956 ibique
541 3892 669 3944 Asconius
680 3902 708 3944 et
718 3896 838 3945 Vsierius
878 3894 1055 3945 hereditatem
1067 3896 1241 3959 acceperimus
1250 3898 1333 3959 primo
1343 3896 1399 3947 libro

308 3976 370 4018 terr.
382 3973 406 4017 1.
439 3968 543 4030 lipsius.
879 3984 975 4035 comm,
984 3986 1048 4036 quus
1060 3972 1093 4021 de
1105 3973 1158 4021 vitu
1177 3986 1221 4021 sne
1238 3973 1349 4037 scripsit,
1364 3986 1398 4022 re·

339 4043 423 4093 seer.
436 4044 550 4109 Gallum]
581 4048 625 4097 De
640 4048 726 4099 (luiba
742 4048 837 4097 ibidem
878 4044 946 4097 sert:
972 4048 1009 4097 eit
1026 4049 1093 4098 euim
1107 4048 1397 4113 ¹sibidecemsolumem

308 4116 400 4168 Cicero
419 4125 448 4169 et
466 4122 592 4173 veterius.
624 4124 666 4173 lle
683 4123 780 4173 Rutilio
795 4122 838 4172 Li·
878 4122 956 4187 ciple,
972 4128 1107 4190 totumque
1125 4138 1231 4175 censum
1248 4126 1402 4192 quiuqusete

309 4193 366 4245 sius
376 4194 525 4260 Epium.
559 4199 654 4251 cicero
667 4200 844 4269 inBrnto‚et¹
877 4212 928 4265 que
948 4198 1053 4264 uigints
1071 4198 1180 4252 millium
1193 4200 1397 4254 nummumrelic·
