<?xml version="1.0" encoding="UTF-8"?>
<!DOCTYPE html PUBLIC "-//W3C//DTD XHTML 1.0 Transitional//EN"
    "http://www.w3.org/TR/xhtml1/DTD/xhtml1-transitional.dtd">
<html xmlns="http://www.w3.org/1999/xhtml" xml:lang="en" lang="en">
 <head>
  <title>
</title>
<meta http-equiv="Content-Type" content="text/html;charset=utf-8" />
  <meta name='ocr-system' content='tesseract 3.04.00' />
  <meta name='ocr-capabilities' content='ocr_page ocr_carea ocr_par ocr_line ocrx_word'/>
</head>
<body>
  <div class='ocr_page' id='page_1' title='image "./operaomnia02tacigoog_0529.png"; bbox 0 0 3159 4917; ppageno 0'>
   <div class='ocr_carea' id='block_1_1' title="bbox 181 367 1283 453">
    <p class='ocr_par' dir='ltr' id='par_1_1' title="bbox 181 367 1283 453">
     <span class='ocr_line' id='line_1_1' title="bbox 181 367 1283 453; baseline -0.019 -10"><span class='ocrx_word' id='word_1_1' title='bbox 181 384 319 453; x_wconf 65' lang='lat' dir='ltr'><strong>nem</strong></span> <span class='ocrx_word' id='word_1_2' title='bbox 536 380 744 430; x_wconf 78' lang='lat' dir='ltr'><strong>ssusuruu</strong></span> <span class='ocrx_word' id='word_1_3' title='bbox 776 382 850 431; x_wconf 78' lang='lat' dir='ltr'><strong>nra.</strong></span> <span class='ocrx_word' id='word_1_4' title='bbox 873 382 928 430; x_wconf 74' lang='grc' dir='ltr'><strong>ιιι.</strong></span> <span class='ocrx_word' id='word_1_5' title='bbox 1194 367 1283 433; x_wconf 80' lang='grc'>1049</span> 
     </span>
    </p>
   </div>
   <div class='ocr_carea' id='block_1_2' title="bbox 182 522 1281 810">
    <p class='ocr_par' dir='ltr' id='par_1_2' title="bbox 182 522 1281 810">
     <span class='ocr_line' id='line_1_2' title="bbox 182 522 1281 611; baseline -0.003 -19"><span class='ocrx_word' id='word_1_6' title='bbox 182 526 338 611; x_wconf 81' lang='lat' dir='ltr'><strong>triumphi</strong></span> <span class='ocrx_word' id='word_1_7' title='bbox 352 522 488 591; x_wconf 79' lang='lat' dir='ltr'><strong>indulsit</strong></span> <span class='ocrx_word' id='word_1_8' title='bbox 499 522 629 603; x_wconf 73' lang='lat' dir='ltr'><strong>Caesar,</strong></span> <span class='ocrx_word' id='word_1_9' title='bbox 650 526 806 607; x_wconf 86' lang='lat' dir='ltr'><strong>quamvis</strong></span> <span class='ocrx_word' id='word_1_10' title='bbox 826 525 948 590; x_wconf 89' lang='lat' dir='ltr'><strong>bellum</strong></span> <span class='ocrx_word' id='word_1_11' title='bbox 965 526 1162 607; x_wconf 58' lang='lat' dir='ltr'><strong>mansisset.</strong></span> <span class='ocrx_word' id='word_1_12' title='bbox 1205 523 1281 589; x_wconf 87' lang='lat' dir='ltr'><strong>Neo</strong></span> 
     </span>
     <span class='ocr_line' id='line_1_3' title="bbox 182 622 1280 713; baseline -0.002 -20"><span class='ocrx_word' id='word_1_13' title='bbox 182 628 287 695; x_wconf 87' lang='lat' dir='ltr'><strong>multo</strong></span> <span class='ocrx_word' id='word_1_14' title='bbox 300 632 377 711; x_wconf 82' lang='lat' dir='ltr'><strong>post</strong></span> <span class='ocrx_word' id='word_1_15' title='bbox 391 624 526 691; x_wconf 84' lang='lat' dir='ltr'><strong>Curtius</strong></span> <span class='ocrx_word' id='word_1_16' title='bbox 543 622 653 713; x_wconf 78' lang='lat' dir='ltr'><strong>Rufus</strong></span> <span class='ocrx_word' id='word_1_17' title='bbox 670 623 811 689; x_wconf 86' lang='lat' dir='ltr'><strong>eundem</strong></span> <span class='ocrx_word' id='word_1_18' title='bbox 831 627 987 690; x_wconf 78' lang='lat' dir='ltr'><strong>honorem</strong></span> <span class='ocrx_word' id='word_1_19' title='bbox 1002 626 1205 709; x_wconf 86' lang='lat' dir='ltr'><strong>adipiscitur,</strong></span> <span class='ocrx_word' id='word_1_20' title='bbox 1220 626 1280 709; x_wconf 87' lang='lat' dir='ltr'><strong>qni</strong></span> 
     </span>
     <span class='ocr_line' id='line_1_4' title="bbox 182 726 1281 810; baseline 0 -19"><span class='ocrx_word' id='word_1_21' title='bbox 182 728 217 791; x_wconf 94' lang='lat' dir='ltr'><strong>in</strong></span> <span class='ocrx_word' id='word_1_22' title='bbox 239 746 320 809; x_wconf 75' lang='lat' dir='ltr'><strong>agro</strong></span> <span class='ocrx_word' id='word_1_23' title='bbox 343 726 533 791; x_wconf 76' lang='lat' dir='ltr'><strong>Mattiaco³⁸</strong></span> <span class='ocrx_word' id='word_1_24' title='bbox 556 726 739 792; x_wconf 82' lang='lat' dir='ltr'><strong>recluserat</strong></span> <span class='ocrx_word' id='word_1_25' title='bbox 760 747 883 810; x_wconf 78' lang='lat' dir='ltr'><strong>specus</strong></span> <span class='ocrx_word' id='word_1_26' title='bbox 903 726 1092 810; x_wconf 81' lang='lat' dir='ltr'><strong>quaerendis</strong></span> <span class='ocrx_word' id='word_1_27' title='bbox 1113 727 1208 791; x_wconf 81' lang='lat' dir='ltr'><strong>venis</strong></span> <span class='ocrx_word' id='word_1_28' title='bbox 1230 746 1281 791; x_wconf 86' lang='lat' dir='ltr'><strong>ar·</strong></span> 
     </span>
    </p>
   </div>
   <div class='ocr_carea' id='block_1_3' title="bbox 181 889 1282 1020">
    <p class='ocr_par' dir='ltr' id='par_1_3' title="bbox 181 889 1282 1020">
     <span class='ocr_line' id='line_1_5' title="bbox 181 889 1282 955; baseline -0.002 -15"><span class='ocrx_word' id='word_1_29' title='bbox 181 890 264 940; x_wconf 64' lang='lat' dir='ltr'><strong>lethea</strong></span> <span class='ocrx_word' id='word_1_30' title='bbox 274 890 394 939; x_wconf 62' lang='lat' dir='ltr'><strong>meiat.</strong></span> <span class='ocrx_word' id='word_1_31' title='bbox 428 889 462 937; x_wconf 85' lang='lat' dir='ltr'><strong>Et</strong></span> <span class='ocrx_word' id='word_1_32' title='bbox 471 890 601 953; x_wconf 69' lang='lat' dir='ltr'><strong>prensant</strong></span> <span class='ocrx_word' id='word_1_33' title='bbox 614 890 710 939; x_wconf 74' lang='lat' dir='ltr'><strong>Curtius</strong></span> <span class='ocrx_word' id='word_1_34' title='bbox 721 892 870 951; x_wconf 76' lang='lat' dir='ltr'><strong>Rafasielers</strong></span> <span class='ocrx_word' id='word_1_35' title='bbox 881 893 949 940; x_wconf 74' lang='lat' dir='ltr'><strong>decas</strong></span> <span class='ocrx_word' id='word_1_36' title='bbox 955 892 1140 955; x_wconf 57' lang='lat' dir='ltr'><strong>mortemque·</strong></span> <span class='ocrx_word' id='word_1_37' title='bbox 1149 891 1176 940; x_wconf 86' lang='grc' dir='ltr'><strong>ιἰι</strong></span> <span class='ocrx_word' id='word_1_38' title='bbox 1185 891 1282 952; x_wconf 71' lang='lat' dir='ltr'><strong>regions</strong></span> 
     </span>
     <span class='ocr_line' id='line_1_6' title="bbox 182 952 1281 1020; baseline 0 -15"><span class='ocrx_word' id='word_1_39' title='bbox 182 955 301 1005; x_wconf 66' lang='lat' dir='ltr'><strong>Mutua</strong></span> <span class='ocrx_word' id='word_1_40' title='bbox 318 952 551 1018; x_wconf 57' lang='lat' dir='ltr'><strong>musculiue</strong></span> <span class='ocrx_word' id='word_1_41' title='bbox 568 954 740 1016; x_wconf 57' lang='lat' dir='ltr'><strong>imitandis</strong></span> <span class='ocrx_word' id='word_1_42' title='bbox 757 959 821 1005; x_wconf 81' lang='lat' dir='ltr'><strong>nereis</strong></span> <span class='ocrx_word' id='word_1_43' title='bbox 842 958 954 1020; x_wconf 42' lang='lat' dir='ltr'><strong>argentm·</strong></span> <span class='ocrx_word' id='word_1_44' title='bbox 969 958 1029 1005; x_wconf 72' lang='lat' dir='ltr'><strong>asae</strong></span> <span class='ocrx_word' id='word_1_45' title='bbox 1046 956 1161 1005; x_wconf 64' lang='lat' dir='ltr'><strong>micans</strong></span> <span class='ocrx_word' id='word_1_46' title='bbox 1180 957 1281 1017; x_wconf 71' lang='lat' dir='ltr'><strong>nem,</strong></span> 
     </span>
    </p>
   </div>
   <div class='ocr_carea' id='block_1_4' title="bbox 645 1080 823 1101">
    <p class='ocr_par' dir='ltr' id='par_1_4' title="bbox 645 1080 823 1101">
     <span class='ocr_line' id='line_1_7' title="bbox 645 1080 823 1101; baseline 0.017 -3"><span class='ocrx_word' id='word_1_47' title='bbox 645 1080 761 1101; x_wconf 67' lang='lat' dir='ltr'><strong>noenu</strong></span> <span class='ocrx_word' id='word_1_48' title='bbox 765 1080 823 1100; x_wconf 76' lang='lat'><em>0000</em></span> 
     </span>
    </p>
   </div>
   <div class='ocr_carea' id='block_1_5' title="bbox 179 1158 1285 1931">
    <p class='ocr_par' dir='ltr' id='par_1_5' title="bbox 179 1158 1285 1931">
     <span class='ocr_line' id='line_1_8' title="bbox 182 1158 1282 1226; baseline -0.003 -17"><span class='ocrx_word' id='word_1_49' title='bbox 182 1164 314 1222; x_wconf 76' lang='lat' dir='ltr'><strong>corrupte:</strong></span> <span class='ocrx_word' id='word_1_50' title='bbox 334 1158 360 1208; x_wconf 88' lang='lat' dir='ltr'><strong>id</strong></span> <span class='ocrx_word' id='word_1_51' title='bbox 378 1164 427 1221; x_wconf 89' lang='lat' dir='ltr'><strong>est,</strong></span> <span class='ocrx_word' id='word_1_52' title='bbox 443 1164 603 1222; x_wconf 82' lang='lat' dir='ltr'><strong>arcerentur,</strong></span> <span class='ocrx_word' id='word_1_53' title='bbox 618 1158 826 1223; x_wconf 82' lang='lat' dir='ltr'><strong>prohiberentur,</strong></span> <span class='ocrx_word' id='word_1_54' title='bbox 837 1175 871 1212; x_wconf 88' lang='lat' dir='ltr'><strong>ue</strong></span> <span class='ocrx_word' id='word_1_55' title='bbox 881 1161 1051 1226; x_wconf 78' lang='lat' dir='ltr'><strong>restegaaudo</strong></span> <span class='ocrx_word' id='word_1_56' title='bbox 1061 1162 1137 1212; x_wconf 86' lang='lat' dir='ltr'><strong>terris</strong></span> <span class='ocrx_word' id='word_1_57' title='bbox 1148 1163 1282 1217; x_wconf 85' lang='lat' dir='ltr'><strong>nocerent,</strong></span> 
     </span>
     <span class='ocr_line' id='line_1_9' title="bbox 181 1220 1285 1287; baseline 0 -16"><span class='ocrx_word' id='word_1_58' title='bbox 181 1228 211 1273; x_wconf 93' lang='lat' dir='ltr'><strong>ut</strong></span> <span class='ocrx_word' id='word_1_59' title='bbox 222 1224 277 1287; x_wconf 76' lang='lat' dir='ltr'><strong>jam</strong></span> <span class='ocrx_word' id='word_1_60' title='bbox 295 1222 437 1287; x_wconf 79' lang='lat' dir='ltr'><strong>explicavit</strong></span> <span class='ocrx_word' id='word_1_61' title='bbox 446 1224 473 1275; x_wconf 88' lang='lat' dir='ltr'><strong>J.</strong></span> <span class='ocrx_word' id='word_1_62' title='bbox 486 1225 516 1273; x_wconf 87' lang='lat' dir='ltr'><strong>F.</strong></span> <span class='ocrx_word' id='word_1_63' title='bbox 529 1224 674 1273; x_wconf 73' lang='lat' dir='ltr'><strong>Gronovius</strong></span> <span class='ocrx_word' id='word_1_64' title='bbox 685 1223 702 1272; x_wconf 91' lang='lat' dir='ltr'><strong>l.</strong></span> <span class='ocrx_word' id='word_1_65' title='bbox 716 1236 733 1271; x_wconf 89' lang='lat' dir='ltr'><strong>r.</strong></span> <span class='ocrx_word' id='word_1_66' title='bbox 745 1222 855 1275; x_wconf 83' lang='lat' dir='ltr'><strong>Observ.</strong></span> <span class='ocrx_word' id='word_1_67' title='bbox 866 1240 890 1275; x_wconf 92' lang='lat' dir='ltr'><strong>c.</strong></span> <span class='ocrx_word' id='word_1_68' title='bbox 902 1232 927 1274; x_wconf 81' lang='grc' dir='ltr'><strong>ι.</strong></span> <span class='ocrx_word' id='word_1_69' title='bbox 939 1234 985 1276; x_wconf 88' lang='lat' dir='ltr'><strong>aut</strong></span> <span class='ocrx_word' id='word_1_70' title='bbox 996 1235 1026 1278; x_wconf 86' lang='lat' dir='ltr'><strong>ut</strong></span> <span class='ocrx_word' id='word_1_71' title='bbox 1037 1224 1115 1277; x_wconf 80' lang='lat' dir='ltr'><strong>Diod.</strong></span> <span class='ocrx_word' id='word_1_72' title='bbox 1127 1226 1145 1275; x_wconf 89' lang='lat'><strong>1.</strong></span> <span class='ocrx_word' id='word_1_73' title='bbox 1155 1223 1208 1273; x_wconf 77' lang='lat' dir='ltr'><strong>‘tra</strong></span> <span class='ocrx_word' id='word_1_74' title='bbox 1217 1222 1249 1282; x_wconf 69' lang='lat' dir='ltr'><strong>nl</strong></span> <span class='ocrx_word' id='word_1_75' title='bbox 1260 1220 1285 1271; x_wconf 84' lang='lat' dir='ltr'><strong>ol</strong></span> 
     </span>
     <span class='ocr_line' id='line_1_10' title="bbox 179 1285 1282 1353; baseline 0 -18"><span class='ocrx_word' id='word_1_76' title='bbox 179 1286 281 1347; x_wconf 61' lang='lat' dir='ltr'><strong>munel</strong></span> <span class='ocrx_word' id='word_1_77' title='bbox 288 1286 314 1335; x_wconf 75' lang='lat' dir='ltr'><strong>lv</strong></span> <span class='ocrx_word' id='word_1_78' title='bbox 322 1290 353 1351; x_wconf 76' lang='grc' dir='ltr'><strong>τῇ</strong></span> <span class='ocrx_word' id='word_1_79' title='bbox 362 1288 406 1335; x_wconf 81' lang='grc' dir='ltr'><strong>τοῦ</strong></span> <span class='ocrx_word' id='word_1_80' title='bbox 412 1288 524 1337; x_wconf 73' lang='grc' dir='ltr'><strong>Ὠκεανοῦ</strong></span> <span class='ocrx_word' id='word_1_81' title='bbox 533 1286 673 1353; x_wconf 70' lang='grc' dir='ltr'><strong>πλημμυρίθι</strong></span> <span class='ocrx_word' id='word_1_82' title='bbox 683 1285 832 1349; x_wconf 55' lang='lat' dir='ltr'><strong>Wiener</strong></span> <span class='ocrx_word' id='word_1_83' title='bbox 840 1288 1010 1353; x_wconf 72' lang='grc' dir='ltr'><strong>πελαγίζοσιν</strong></span> <span class='ocrx_word' id='word_1_84' title='bbox 1025 1306 1055 1339; x_wconf 81' lang='lat' dir='ltr'><strong>ne</strong></span> <span class='ocrx_word' id='word_1_85' title='bbox 1064 1289 1159 1353; x_wconf 75' lang='lat' dir='ltr'><strong>iiflaes&#39;i</strong></span> <span class='ocrx_word' id='word_1_86' title='bbox 1168 1291 1282 1337; x_wconf 61' lang='lat' dir='ltr'><strong>anmals</strong></span> 
     </span>
     <span class='ocr_line' id='line_1_11' title="bbox 182 1350 1283 1416; baseline 0 -17"><span class='ocrx_word' id='word_1_87' title='bbox 182 1350 275 1399; x_wconf 78' lang='lat' dir='ltr'><strong>Oceano</strong></span> <span class='ocrx_word' id='word_1_88' title='bbox 291 1352 416 1416; x_wconf 67' lang='lat' dir='ltr'><strong>refluentes</strong></span> <span class='ocrx_word' id='word_1_89' title='bbox 432 1356 628 1415; x_wconf 58' lang='lat' dir='ltr'><strong>magmate—8</strong></span> <span class='ocrx_word' id='word_1_90' title='bbox 647 1353 698 1401; x_wconf 75' lang='lat' dir='ltr'><strong>nte.</strong></span> <span class='ocrx_word' id='word_1_91' title='bbox 711 1352 776 1415; x_wconf 74' lang='lat' dir='ltr'><strong>Reg.</strong></span> <span class='ocrx_word' id='word_1_92' title='bbox 788 1353 905 1402; x_wconf 78' lang='lat' dir='ltr'><strong>Matisco.</strong></span> <span class='ocrx_word' id='word_1_93' title='bbox 939 1354 1003 1403; x_wconf 85' lang='lat' dir='ltr'><strong>Mss.</strong></span> <span class='ocrx_word' id='word_1_94' title='bbox 1015 1353 1090 1402; x_wconf 85' lang='lat' dir='ltr'><strong>Harl.</strong></span> <span class='ocrx_word' id='word_1_95' title='bbox 1102 1353 1177 1402; x_wconf 88' lang='lat' dir='ltr'><strong>Bodl.</strong></span> <span class='ocrx_word' id='word_1_96' title='bbox 1188 1352 1243 1402; x_wconf 80' lang='lat' dir='ltr'><strong>les.</strong></span> <span class='ocrx_word' id='word_1_97' title='bbox 1254 1356 1283 1400; x_wconf 84' lang='lat' dir='ltr'><strong>et</strong></span> 
     </span>
     <span class='ocr_line' id='line_1_12' title="bbox 180 1413 1281 1480; baseline 0 -17"><span class='ocrx_word' id='word_1_98' title='bbox 180 1414 341 1465; x_wconf 83' lang='lat' dir='ltr'><strong>Puteolanus</strong></span> <span class='ocrx_word' id='word_1_99' title='bbox 352 1416 485 1465; x_wconf 72' lang='lat' dir='ltr'><strong>Mattiaco.</strong></span> <span class='ocrx_word' id='word_1_100' title='bbox 520 1418 603 1466; x_wconf 84' lang='lat' dir='ltr'><strong>Recte</strong></span> <span class='ocrx_word' id='word_1_101' title='bbox 623 1413 786 1465; x_wconf 88' lang='lat' dir='ltr'><strong>emendatum</strong></span> <span class='ocrx_word' id='word_1_102' title='bbox 807 1418 934 1469; x_wconf 81' lang='lat' dir='ltr'><strong>Mattiaco.</strong></span> <span class='ocrx_word' id='word_1_103' title='bbox 967 1418 999 1467; x_wconf 91' lang='lat' dir='ltr'><strong>lu</strong></span> <span class='ocrx_word' id='word_1_104' title='bbox 1014 1417 1106 1467; x_wconf 85' lang='lat' dir='ltr'><strong>eodem</strong></span> <span class='ocrx_word' id='word_1_105' title='bbox 1122 1414 1281 1480; x_wconf 74' lang='lat' dir='ltr'><strong>egrotantes</strong></span> 
     </span>
     <span class='ocr_line' id='line_1_13' title="bbox 180 1478 1282 1543; baseline 0.003 -17"><span class='ocrx_word' id='word_1_106' title='bbox 180 1486 265 1543; x_wconf 76' lang='lat' dir='ltr'><strong>mant,</strong></span> <span class='ocrx_word' id='word_1_107' title='bbox 274 1478 308 1529; x_wconf 78' lang='lat' dir='ltr'><strong>cle</strong></span> <span class='ocrx_word' id='word_1_108' title='bbox 335 1478 411 1529; x_wconf 85' lang='lat' dir='ltr'><strong>nibus</strong></span> <span class='ocrx_word' id='word_1_109' title='bbox 423 1480 522 1529; x_wconf 87' lang='lat' dir='ltr'><strong>Plinius</strong></span> <span class='ocrx_word' id='word_1_110' title='bbox 534 1494 615 1531; x_wconf 77' lang='lat' dir='ltr'><strong>xxxa.</strong></span> <span class='ocrx_word' id='word_1_111' title='bbox 627 1485 652 1530; x_wconf 74' lang='lat' dir='ltr'><strong>l.</strong></span> <span class='ocrx_word' id='word_1_112' title='bbox 669 1480 752 1529; x_wconf 86' lang='lat' dir='ltr'><strong>‘Sunt</strong></span> <span class='ocrx_word' id='word_1_113' title='bbox 762 1487 790 1530; x_wconf 92' lang='lat' dir='ltr'><strong>et</strong></span> <span class='ocrx_word' id='word_1_114' title='bbox 801 1482 922 1531; x_wconf 76' lang='lat' dir='ltr'><strong>Muttine!</strong></span> <span class='ocrx_word' id='word_1_115' title='bbox 935 1482 962 1530; x_wconf 91' lang='lat' dir='ltr'><strong>in</strong></span> <span class='ocrx_word' id='word_1_116' title='bbox 972 1482 1113 1531; x_wconf 78' lang='lat' dir='ltr'><strong>Germania</strong></span> <span class='ocrx_word' id='word_1_117' title='bbox 1123 1479 1208 1530; x_wconf 79' lang='lat' dir='ltr'><strong>tontes</strong></span> <span class='ocrx_word' id='word_1_118' title='bbox 1219 1478 1282 1529; x_wconf 77' lang='lat' dir='ltr'><strong>mtt-</strong></span> 
     </span>
     <span class='ocr_line' id='line_1_14' title="bbox 181 1542 1281 1606; baseline 0.001 -15"><span class='ocrx_word' id='word_1_119' title='bbox 181 1542 208 1591; x_wconf 83' lang='lat' dir='ltr'><strong>dt</strong></span> <span class='ocrx_word' id='word_1_120' title='bbox 220 1550 291 1593; x_wconf 82' lang='lat' dir='ltr'><strong>trans</strong></span> <span class='ocrx_word' id='word_1_121' title='bbox 348 1544 441 1594; x_wconf 67' lang='lat' dir='ltr'><strong>enum!</strong></span> <span class='ocrx_word' id='word_1_122' title='bbox 473 1544 540 1595; x_wconf 83' lang='lat' dir='ltr'><strong>llaec</strong></span> <span class='ocrx_word' id='word_1_123' title='bbox 559 1560 617 1595; x_wconf 89' lang='lat' dir='ltr'><strong>carn</strong></span> <span class='ocrx_word' id='word_1_124' title='bbox 635 1545 672 1595; x_wconf 84' lang='lat' dir='ltr'><strong>ita</strong></span> <span class='ocrx_word' id='word_1_125' title='bbox 684 1544 745 1606; x_wconf 85' lang='lat' dir='ltr'><strong>sint,</strong></span> <span class='ocrx_word' id='word_1_126' title='bbox 755 1545 847 1595; x_wconf 87' lang='lat' dir='ltr'><strong>mirum</strong></span> <span class='ocrx_word' id='word_1_127' title='bbox 857 1560 919 1595; x_wconf 85' lang='lat' dir='ltr'><strong>sane</strong></span> <span class='ocrx_word' id='word_1_128' title='bbox 934 1546 1064 1596; x_wconf 79' lang='lat' dir='ltr'><strong>videbitur</strong></span> <span class='ocrx_word' id='word_1_129' title='bbox 1074 1544 1191 1595; x_wconf 80' lang='lat' dir='ltr'><strong>Tacitum</strong></span> <span class='ocrx_word' id='word_1_130' title='bbox 1201 1544 1281 1605; x_wconf 74' lang='lat' dir='ltr'><strong>scrin-</strong></span> 
     </span>
     <span class='ocr_line' id='line_1_15' title="bbox 181 1606 1282 1685; baseline 0.001 -30"><span class='ocrx_word' id='word_1_131' title='bbox 181 1606 244 1657; x_wconf 84' lang='lat' dir='ltr'><strong>slate</strong></span> <span class='ocrx_word' id='word_1_132' title='bbox 254 1606 279 1656; x_wconf 91' lang='lat' dir='ltr'><strong>in</strong></span> <span class='ocrx_word' id='word_1_133' title='bbox 296 1608 384 1657; x_wconf 89' lang='lat' dir='ltr'><strong>libello</strong></span> <span class='ocrx_word' id='word_1_134' title='bbox 395 1607 429 1657; x_wconf 84' lang='lat' dir='ltr'><strong>de</strong></span> <span class='ocrx_word' id='word_1_135' title='bbox 440 1607 559 1659; x_wconf 88' lang='lat' dir='ltr'><strong>Moribus</strong></span> <span class='ocrx_word' id='word_1_136' title='bbox 573 1610 697 1685; x_wconf 55' lang='lat' dir='ltr'><strong>German:</strong></span> <span class='ocrx_word' id='word_1_137' title='bbox 709 1622 735 1657; x_wconf 86' lang='lat' dir='ltr'><strong>v.</strong></span> <span class='ocrx_word' id='word_1_138' title='bbox 746 1624 775 1658; x_wconf 90' lang='lat' dir='ltr'><strong>se</strong></span> <span class='ocrx_word' id='word_1_139' title='bbox 787 1608 887 1659; x_wconf 85' lang='lat' dir='ltr'><strong>nescire</strong></span> <span class='ocrx_word' id='word_1_140' title='bbox 898 1616 985 1660; x_wconf 92' lang='lat' dir='ltr'><strong>utrum</strong></span> <span class='ocrx_word' id='word_1_141' title='bbox 995 1609 1048 1659; x_wconf 86' lang='lat' dir='ltr'><strong>ulla</strong></span> <span class='ocrx_word' id='word_1_142' title='bbox 1059 1606 1204 1659; x_wconf 77' lang='lat' dir='ltr'><strong>Germaniae</strong></span> <span class='ocrx_word' id='word_1_143' title='bbox 1216 1621 1282 1681; x_wconf 74' lang='lat' dir='ltr'><strong>vens</strong></span> 
     </span>
     <span class='ocr_line' id='line_1_16' title="bbox 179 1670 1281 1810; baseline -0.001 -27"><span class='ocrx_word' id='word_1_144' title='bbox 179 1670 1281 1810; x_wconf 56' lang='lat' dir='ltr'><strong>titthtilitht&#39;tth..it&#39;.‘:zmitf“intuituilithulf</strong></span> 
     </span>
     <span class='ocr_line' id='line_1_17' title="bbox 181 1797 1279 1866; baseline 0 -19"><span class='ocrx_word' id='word_1_145' title='bbox 181 1797 261 1848; x_wconf 76' lang='lat' dir='ltr'><strong>certe</strong></span> <span class='ocrx_word' id='word_1_146' title='bbox 272 1812 324 1847; x_wconf 92' lang='lat' dir='ltr'><strong>non</strong></span> <span class='ocrx_word' id='word_1_147' title='bbox 334 1800 521 1851; x_wconf 82' lang='lat' dir='ltr'><strong>emendandum</strong></span> <span class='ocrx_word' id='word_1_148' title='bbox 540 1802 657 1864; x_wconf 77' lang='lat' dir='ltr'><strong>Mecium,</strong></span> <span class='ocrx_word' id='word_1_149' title='bbox 677 1808 707 1851; x_wconf 90' lang='lat' dir='ltr'><strong>nt</strong></span> <span class='ocrx_word' id='word_1_150' title='bbox 724 1802 779 1849; x_wconf 83' lang='lat' dir='ltr'><strong>vult</strong></span> <span class='ocrx_word' id='word_1_151' title='bbox 798 1802 912 1864; x_wconf 75' lang='lat' dir='ltr'><strong>Hosius,</strong></span> <span class='ocrx_word' id='word_1_152' title='bbox 923 1802 968 1866; x_wconf 84' lang='lat' dir='ltr'><strong>qui</strong></span> <span class='ocrx_word' id='word_1_153' title='bbox 985 1801 1019 1851; x_wconf 87' lang='lat' dir='ltr'><strong>‹le</strong></span> <span class='ocrx_word' id='word_1_154' title='bbox 1037 1799 1128 1851; x_wconf 78' lang='lat' dir='ltr'><strong>Africa</strong></span> <span class='ocrx_word' id='word_1_155' title='bbox 1147 1799 1279 1861; x_wconf 72' lang='lat' dir='ltr'><strong>iutelligit.</strong></span> 
     </span>
     <span class='ocr_line' id='line_1_18' title="bbox 180 1860 1044 1931; baseline 0.009 -22"><span class='ocrx_word' id='word_1_156' title='bbox 180 1860 259 1913; x_wconf 84' lang='lat' dir='ltr'><strong>Patet</strong></span> <span class='ocrx_word' id='word_1_157' title='bbox 270 1877 302 1911; x_wconf 83' lang='lat' dir='ltr'><strong>ex</strong></span> <span class='ocrx_word' id='word_1_158' title='bbox 313 1876 371 1929; x_wconf 82' lang='lat' dir='ltr'><strong>cap.</strong></span> <span class='ocrx_word' id='word_1_159' title='bbox 384 1878 438 1931; x_wconf 87' lang='lat' dir='ltr'><strong>req.</strong></span> <span class='ocrx_word' id='word_1_160' title='bbox 450 1864 545 1915; x_wconf 77' lang='lat' dir='ltr'><strong>Rufum</strong></span> <span class='ocrx_word' id='word_1_161' title='bbox 558 1872 620 1915; x_wconf 90' lang='lat' dir='ltr'><strong>tnnc</strong></span> <span class='ocrx_word' id='word_1_162' title='bbox 630 1880 682 1915; x_wconf 89' lang='lat' dir='ltr'><strong>non</strong></span> <span class='ocrx_word' id='word_1_163' title='bbox 692 1864 769 1915; x_wconf 83' lang='lat' dir='ltr'><strong>luisse</strong></span> <span class='ocrx_word' id='word_1_164' title='bbox 780 1865 806 1915; x_wconf 91' lang='lat' dir='ltr'><strong>iu</strong></span> <span class='ocrx_word' id='word_1_165' title='bbox 816 1864 915 1917; x_wconf 80' lang='lat' dir='ltr'><strong>Africa.</strong></span> <span class='ocrx_word' id='word_1_166' title='bbox 935 1866 1044 1917; x_wconf 59' lang='lat' dir='ltr'><strong>nmio.</strong></span> 
     </span>
    </p>
   </div>
   <div class='ocr_carea' id='block_1_6' title="bbox 681 2032 788 2083">
    <p class='ocr_par' dir='ltr' id='par_1_6' title="bbox 681 2032 788 2083">
     <span class='ocr_line' id='line_1_19' title="bbox 681 2032 788 2083; baseline 0 0"><span class='ocrx_word' id='word_1_167' title='bbox 681 2032 788 2083; x_wconf 80' lang='lat' dir='ltr'>NOTAE</span> 
     </span>
    </p>
   </div>
   <div class='ocr_carea' id='block_1_7' title="bbox 173 2132 1312 4258">
    <p class='ocr_par' dir='ltr' id='par_1_7' title="bbox 173 2132 1312 4258">
     <span class='ocr_line' id='line_1_20' title="bbox 180 2132 1147 2199; baseline 0.005 -16"><span class='ocrx_word' id='word_1_168' title='bbox 180 2138 256 2195; x_wconf 68' lang='lat' dir='ltr'><strong>anu,</strong></span> <span class='ocrx_word' id='word_1_169' title='bbox 273 2132 369 2184; x_wconf 86' lang='lat' dir='ltr'><strong>Christi</strong></span> <span class='ocrx_word' id='word_1_170' title='bbox 380 2138 437 2183; x_wconf 57' lang='lat' dir='ltr'><strong>th:</strong></span> <span class='ocrx_word' id='word_1_171' title='bbox 458 2140 488 2184; x_wconf 87' lang='lat' dir='ltr'><strong>ut</strong></span> <span class='ocrx_word' id='word_1_172' title='bbox 498 2138 616 2184; x_wconf 85' lang='lat' dir='ltr'><strong>notatum</strong></span> <span class='ocrx_word' id='word_1_173' title='bbox 633 2154 712 2199; x_wconf 78' lang='lat' dir='ltr'><strong>rupea</strong></span> <span class='ocrx_word' id='word_1_174' title='bbox 752 2146 795 2191; x_wconf 84' lang='lat' dir='ltr'><strong>tus</strong></span> <span class='ocrx_word' id='word_1_175' title='bbox 806 2147 834 2189; x_wconf 85' lang='lat' dir='ltr'><strong>et</strong></span> <span class='ocrx_word' id='word_1_176' title='bbox 846 2139 1026 2190; x_wconf 86' lang='lat' dir='ltr'><strong>inundationes</strong></span> <span class='ocrx_word' id='word_1_177' title='bbox 1038 2139 1147 2191; x_wconf 88' lang='lat' dir='ltr'><strong>Oceani.</strong></span> 
     </span>
     <span class='ocr_line' id='line_1_21' title="bbox 181 2210 1284 2275; baseline 0.004 -16"><span class='ocrx_word' id='word_1_178' title='bbox 181 2224 204 2260; x_wconf 91' lang='lat' dir='ltr'><strong>c.</strong></span> <span class='ocrx_word' id='word_1_179' title='bbox 217 2214 256 2261; x_wconf 88' lang='lat' dir='ltr'><strong>lt.</strong></span> <span class='ocrx_word' id='word_1_180' title='bbox 280 2210 440 2259; x_wconf 79' lang='lat' dir='ltr'><strong>littersoaiae.</strong></span> <span class='ocrx_word' id='word_1_181' title='bbox 787 2214 887 2275; x_wconf 73' lang='lat' dir='ltr'><strong>Oreum]</strong></span> <span class='ocrx_word' id='word_1_182' title='bbox 900 2218 1023 2269; x_wconf 78' lang='lat' dir='ltr'><strong>oceanus</strong></span> <span class='ocrx_word' id='word_1_183' title='bbox 1031 2214 1200 2270; x_wconf 74' lang='lat' dir='ltr'><strong>Germanicus</strong></span> <span class='ocrx_word' id='word_1_184' title='bbox 1208 2214 1284 2264; x_wconf 88' lang='lat' dir='ltr'><strong>alluit</strong></span> 
     </span>
     <span class='ocr_line' id='line_1_22' title="bbox 212 2284 1284 2352; baseline 0.006 -17"><span class='ocrx_word' id='word_1_185' title='bbox 212 2287 288 2343; x_wconf 77' lang='lat' dir='ltr'><strong>&#39;Qun</strong></span> <span class='ocrx_word' id='word_1_186' title='bbox 298 2287 388 2337; x_wconf 78' lang='lat' dir='ltr'><strong>incerto</strong></span> <span class='ocrx_word' id='word_1_187' title='bbox 400 2284 644 2347; x_wconf 73' lang='grc' dir='ltr'><strong>Οιιιιιιιιοιιιιειιιιιτ]</strong></span> <span class='ocrx_word' id='word_1_188' title='bbox 659 2286 711 2335; x_wconf 90' lang='lat' dir='ltr'><strong>Dio</strong></span> <span class='ocrx_word' id='word_1_189' title='bbox 752 2300 823 2335; x_wconf 90' lang='lat' dir='ltr'><strong>oram</strong></span> <span class='ocrx_word' id='word_1_190' title='bbox 839 2287 987 2337; x_wconf 72' lang='lat' dir='ltr'><strong>(lemania</strong></span> <span class='ocrx_word' id='word_1_191' title='bbox 1007 2293 1128 2352; x_wconf 69' lang='lat' dir='ltr'><strong>regionis,</strong></span> <span class='ocrx_word' id='word_1_192' title='bbox 1141 2298 1169 2342; x_wconf 89' lang='lat' dir='ltr'><strong>et</strong></span> <span class='ocrx_word' id='word_1_193' title='bbox 1188 2290 1284 2341; x_wconf 73' lang='lat' dir='ltr'><strong>Gallia</strong></span> 
     </span>
     <span class='ocr_line' id='line_1_23' title="bbox 181 2360 1287 2427; baseline 0.003 -16"><span class='ocrx_word' id='word_1_194' title='bbox 181 2362 385 2427; x_wconf 80' lang='lat' dir='ltr'><strong>interpretatur:</strong></span> <span class='ocrx_word' id='word_1_195' title='bbox 413 2376 445 2411; x_wconf 88' lang='lat' dir='ltr'><strong>ne</strong></span> <span class='ocrx_word' id='word_1_196' title='bbox 468 2360 539 2411; x_wconf 85' lang='lat' dir='ltr'><strong>fluvii</strong></span> <span class='ocrx_word' id='word_1_197' title='bbox 560 2362 587 2411; x_wconf 91' lang='lat' dir='ltr'><strong>in</strong></span> <span class='ocrx_word' id='word_1_198' title='bbox 611 2361 712 2411; x_wconf 81' lang='lat' dir='ltr'><strong>Oceani</strong></span> <span class='ocrx_word' id='word_1_199' title='bbox 752 2368 864 2424; x_wconf 79' lang='lat' dir='ltr'><strong>partem.</strong></span> <span class='ocrx_word' id='word_1_200' title='bbox 895 2360 983 2411; x_wconf 80' lang='lat' dir='ltr'><strong>Hodie</strong></span> <span class='ocrx_word' id='word_1_201' title='bbox 1000 2364 1287 2414; x_wconf 73' lang='lat' dir='ltr'><strong>vocamueMerrsAlle-</strong></span> 
     </span>
     <span class='ocr_line' id='line_1_24' title="bbox 181 2436 1255 2501; baseline 0.003 -16"><span class='ocrx_word' id='word_1_202' title='bbox 181 2442 246 2487; x_wconf 76' lang='lat' dir='ltr'><strong>aestu</strong></span> <span class='ocrx_word' id='word_1_203' title='bbox 259 2436 397 2487; x_wconf 85' lang='lat' dir='ltr'><strong>refluentes</strong></span> <span class='ocrx_word' id='word_1_204' title='bbox 408 2442 646 2501; x_wconf 77' lang='lat' dir='ltr'><strong>superstegnarent.</strong></span> <span class='ocrx_word' id='word_1_205' title='bbox 662 2437 712 2487; x_wconf 85' lang='lat' dir='ltr'><strong>Fu·</strong></span> <span class='ocrx_word' id='word_1_206' title='bbox 751 2452 845 2501; x_wconf 74' lang='lat' dir='ltr'><strong>magne,</strong></span> <span class='ocrx_word' id='word_1_207' title='bbox 855 2437 898 2486; x_wconf 85' lang='lat' dir='ltr'><strong>vel</strong></span> <span class='ocrx_word' id='word_1_208' title='bbox 911 2438 991 2487; x_wconf 77' lang='lat' dir='ltr'><strong>Noord</strong></span> <span class='ocrx_word' id='word_1_209' title='bbox 1002 2436 1058 2487; x_wconf 75' lang='lat' dir='ltr'><strong>Zea.</strong></span> <span class='ocrx_word' id='word_1_210' title='bbox 1079 2436 1255 2488; x_wconf 81' lang='lat' dir='ltr'><strong>lillemontus.</strong></span> 
     </span>
     <span class='ocr_line' id='line_1_25' title="bbox 180 2510 1312 2579; baseline 0.005 -20"><span class='ocrx_word' id='word_1_211' title='bbox 180 2512 231 2561; x_wconf 88' lang='lat' dir='ltr'><strong>isse</strong></span> <span class='ocrx_word' id='word_1_212' title='bbox 242 2527 303 2576; x_wconf 68' lang='lat' dir='ltr'><strong>ergo</strong></span> <span class='ocrx_word' id='word_1_213' title='bbox 314 2526 448 2562; x_wconf 86' lang='lat' dir='ltr'><strong>necessum</strong></span> <span class='ocrx_word' id='word_1_214' title='bbox 465 2520 505 2562; x_wconf 88' lang='lat' dir='ltr'><strong>est</strong></span> <span class='ocrx_word' id='word_1_215' title='bbox 515 2510 608 2563; x_wconf 84' lang='lat' dir='ltr'><strong>iussam</strong></span> <span class='ocrx_word' id='word_1_216' title='bbox 617 2528 673 2579; x_wconf 81' lang='lat' dir='ltr'><strong>eam</strong></span> <span class='ocrx_word' id='word_1_217' title='bbox 685 2512 712 2563; x_wconf 92' lang='lat' dir='ltr'><strong>in</strong></span> <span class='ocrx_word' id='word_1_218' title='bbox 783 2520 796 2545; x_wconf 80' lang='lat'>⁸</span> <span class='ocrx_word' id='word_1_219' title='bbox 807 2514 837 2562; x_wconf 79' lang='lat' dir='ltr'><strong>ln</strong></span> <span class='ocrx_word' id='word_1_220' title='bbox 847 2528 906 2575; x_wconf 68' lang='lat' dir='ltr'><strong>egro</strong></span> <span class='ocrx_word' id='word_1_221' title='bbox 915 2513 1044 2579; x_wconf 80' lang='lat' dir='ltr'><strong>Mattiaco]</strong></span> <span class='ocrx_word' id='word_1_222' title='bbox 1058 2514 1201 2577; x_wconf 76' lang='lat' dir='ltr'><strong>Suspectus</strong></span> <span class='ocrx_word' id='word_1_223' title='bbox 1211 2514 1283 2565; x_wconf 85' lang='lat' dir='ltr'><strong>locus</strong></span> <span class='ocrx_word' id='word_1_224' title='bbox 1305 2558 1312 2575; x_wconf 84' lang='grc'>,</span> 
     </span>
     <span class='ocr_line' id='line_1_26' title="bbox 181 2586 1283 2655; baseline 0.002 -18"><span class='ocrx_word' id='word_1_225' title='bbox 181 2586 308 2639; x_wconf 82' lang='lat' dir='ltr'><strong>inferioris</strong></span> <span class='ocrx_word' id='word_1_226' title='bbox 327 2588 443 2639; x_wconf 76' lang='lat' dir='ltr'><strong>Batavlas</strong></span> <span class='ocrx_word' id='word_1_227' title='bbox 460 2593 545 2652; x_wconf 84' lang='lat' dir='ltr'><strong>parte,</strong></span> <span class='ocrx_word' id='word_1_228' title='bbox 560 2586 629 2637; x_wconf 85' lang='lat' dir='ltr'><strong>inter</strong></span> <span class='ocrx_word' id='word_1_229' title='bbox 645 2587 712 2637; x_wconf 78' lang='lat' dir='ltr'><strong>ltne-</strong></span> <span class='ocrx_word' id='word_1_230' title='bbox 752 2590 851 2653; x_wconf 78' lang='lat' dir='ltr'><strong>Lipsio,</strong></span> <span class='ocrx_word' id='word_1_231' title='bbox 861 2590 904 2654; x_wconf 83' lang='lat' dir='ltr'><strong>qui</strong></span> <span class='ocrx_word' id='word_1_232' title='bbox 915 2590 1032 2654; x_wconf 78' lang='lat' dir='ltr'><strong>Mariam,</strong></span> <span class='ocrx_word' id='word_1_233' title='bbox 1049 2591 1091 2640; x_wconf 88' lang='lat' dir='ltr'><strong>vel</strong></span> <span class='ocrx_word' id='word_1_234' title='bbox 1108 2591 1232 2655; x_wconf 70' lang='lat' dir='ltr'><strong>Muzyuco,</strong></span> <span class='ocrx_word' id='word_1_235' title='bbox 1248 2590 1283 2639; x_wconf 87' lang='lat' dir='ltr'><strong>le·</strong></span> 
     </span>
     <span class='ocr_line' id='line_1_27' title="bbox 181 2660 1283 2731; baseline 0.004 -18"><span class='ocrx_word' id='word_1_236' title='bbox 181 2678 242 2713; x_wconf 90' lang='lat' dir='ltr'><strong>nmn</strong></span> <span class='ocrx_word' id='word_1_237' title='bbox 267 2672 382 2715; x_wconf 85' lang='lat' dir='ltr'><strong>veterem</strong></span> <span class='ocrx_word' id='word_1_238' title='bbox 402 2664 572 2726; x_wconf 78' lang='lat' dir='ltr'><strong>Musamque:</strong></span> <span class='ocrx_word' id='word_1_239' title='bbox 593 2660 712 2712; x_wconf 76' lang='lat' dir='ltr'><strong>ubilero</strong></span> <span class='ocrx_word' id='word_1_240' title='bbox 751 2665 861 2729; x_wconf 76' lang='lat' dir='ltr'><strong>gendum</strong></span> <span class='ocrx_word' id='word_1_241' title='bbox 884 2672 980 2730; x_wconf 84' lang='lat' dir='ltr'><strong>putat;</strong></span> <span class='ocrx_word' id='word_1_242' title='bbox 1004 2666 1047 2731; x_wconf 86' lang='lat' dir='ltr'><strong>qni</strong></span> <span class='ocrx_word' id='word_1_243' title='bbox 1073 2665 1163 2731; x_wconf 83' lang='lat' dir='ltr'><strong>populi</strong></span> <span class='ocrx_word' id='word_1_244' title='bbox 1184 2664 1283 2717; x_wconf 75' lang='lat' dir='ltr'><strong>Africo</strong></span> 
     </span>
     <span class='ocr_line' id='line_1_28' title="bbox 181 2736 820 2805; baseline 0.002 -16"><span class='ocrx_word' id='word_1_245' title='bbox 181 2739 276 2805; x_wconf 86' lang='lat' dir='ltr'><strong>ubique</strong></span> <span class='ocrx_word' id='word_1_246' title='bbox 287 2740 357 2789; x_wconf 87' lang='lat' dir='ltr'><strong>iuter</strong></span> <span class='ocrx_word' id='word_1_247' title='bbox 368 2739 432 2789; x_wconf 89' lang='lat' dir='ltr'><strong>dnos</strong></span> <span class='ocrx_word' id='word_1_248' title='bbox 443 2736 535 2787; x_wconf 81' lang='lat' dir='ltr'><strong>fluvios</strong></span> <span class='ocrx_word' id='word_1_249' title='bbox 548 2737 624 2787; x_wconf 86' lang='lat' dir='ltr'><strong>trium</strong></span> <span class='ocrx_word' id='word_1_250' title='bbox 636 2743 663 2787; x_wconf 87' lang='lat' dir='ltr'><strong>et</strong></span> <span class='ocrx_word' id='word_1_251' title='bbox 675 2736 712 2787; x_wconf 89' lang='lat' dir='ltr'><strong>vi·</strong></span> <span class='ocrx_word' id='word_1_252' title='bbox 751 2748 820 2790; x_wconf 88' lang='lat' dir='ltr'><strong>sunt.</strong></span> 
     </span>
     <span class='ocr_line' id='line_1_29' title="bbox 181 2814 1285 2880; baseline 0.006 -17"><span class='ocrx_word' id='word_1_253' title='bbox 181 2814 246 2880; x_wconf 79' lang='lat' dir='ltr'><strong>giuti</strong></span> <span class='ocrx_word' id='word_1_254' title='bbox 257 2814 400 2864; x_wconf 86' lang='lat' dir='ltr'><strong>milliarium</strong></span> <span class='ocrx_word' id='word_1_255' title='bbox 412 2814 585 2865; x_wconf 76' lang='lat' dir='ltr'><strong>intervalium.</strong></span> <span class='ocrx_word' id='word_1_256' title='bbox 784 2816 825 2865; x_wconf 80' lang='lat' dir='ltr'><strong>Ex</strong></span> <span class='ocrx_word' id='word_1_257' title='bbox 836 2817 922 2867; x_wconf 81' lang='lat' dir='ltr'><strong>verbis</strong></span> <span class='ocrx_word' id='word_1_258' title='bbox 933 2818 1017 2868; x_wconf 84' lang='lat' dir='ltr'><strong>Taciti</strong></span> <span class='ocrx_word' id='word_1_259' title='bbox 1028 2832 1051 2869; x_wconf 90' lang='lat' dir='ltr'><strong>c.</strong></span> <span class='ocrx_word' id='word_1_260' title='bbox 1064 2823 1105 2869; x_wconf 80' lang='lat'><strong>21.</strong></span> <span class='ocrx_word' id='word_1_261' title='bbox 1116 2825 1234 2869; x_wconf 83' lang='lat' dir='ltr'><strong>extremo</strong></span> <span class='ocrx_word' id='word_1_262' title='bbox 1245 2833 1285 2869; x_wconf 84' lang='lat' dir='ltr'><strong>ra·</strong></span> 
     </span>
     <span class='ocr_line' id='line_1_30' title="bbox 213 2890 1283 2959; baseline 0.006 -20"><span class='ocrx_word' id='word_1_263' title='bbox 213 2890 297 2953; x_wconf 82' lang='lat' dir='ltr'><strong>Supra</strong></span> <span class='ocrx_word' id='word_1_264' title='bbox 313 2903 402 2953; x_wconf 78' lang='lat' dir='ltr'><strong>agrum</strong></span> <span class='ocrx_word' id='word_1_265' title='bbox 423 2890 560 2949; x_wconf 85' lang='lat' dir='ltr'><strong>Batavum,</strong></span> <span class='ocrx_word' id='word_1_266' title='bbox 576 2890 714 2941; x_wconf 84' lang='lat' dir='ltr'><strong>interblo·</strong></span> <span class='ocrx_word' id='word_1_267' title='bbox 752 2890 784 2941; x_wconf 90' lang='lat' dir='ltr'><strong>tis</strong></span> <span class='ocrx_word' id='word_1_268' title='bbox 798 2893 869 2942; x_wconf 85' lang='lat' dir='ltr'><strong>clare</strong></span> <span class='ocrx_word' id='word_1_269' title='bbox 881 2894 1046 2959; x_wconf 79' lang='lat' dir='ltr'><strong>perspicitur,</strong></span> <span class='ocrx_word' id='word_1_270' title='bbox 1057 2894 1175 2945; x_wconf 87' lang='lat' dir='ltr'><strong>Curtium</strong></span> <span class='ocrx_word' id='word_1_271' title='bbox 1186 2894 1283 2945; x_wconf 82' lang='lat' dir='ltr'><strong>Rufum</strong></span> 
     </span>
     <span class='ocr_line' id='line_1_31' title="bbox 182 2964 1284 3033; baseline 0.004 -18"><span class='ocrx_word' id='word_1_272' title='bbox 182 2979 235 3015; x_wconf 75' lang='lat' dir='ltr'><strong>uns</strong></span> <span class='ocrx_word' id='word_1_273' title='bbox 246 2972 274 3015; x_wconf 83' lang='lat' dir='ltr'><strong>et</strong></span> <span class='ocrx_word' id='word_1_274' title='bbox 285 2964 369 3015; x_wconf 88' lang='lat' dir='ltr'><strong>adbuc</strong></span> <span class='ocrx_word' id='word_1_275' title='bbox 378 2965 507 3028; x_wconf 77' lang='lat' dir='ltr'><strong>integrum</strong></span> <span class='ocrx_word' id='word_1_276' title='bbox 519 2966 644 3030; x_wconf 84' lang='lat' dir='ltr'><strong>Rhenum,</strong></span> <span class='ocrx_word' id='word_1_277' title='bbox 656 2982 713 3017; x_wconf 85' lang='lat' dir='ltr'><strong>esse</strong></span> <span class='ocrx_word' id='word_1_278' title='bbox 745 2967 801 3031; x_wconf 91' lang='lat' dir='ltr'><strong>jam</strong></span> <span class='ocrx_word' id='word_1_279' title='bbox 818 2975 897 3018; x_wconf 86' lang='lat' dir='ltr'><strong>antea</strong></span> <span class='ocrx_word' id='word_1_280' title='bbox 907 2967 1041 3019; x_wconf 86' lang='lat' dir='ltr'><strong>consulare</strong></span> <span class='ocrx_word' id='word_1_281' title='bbox 1051 2970 1187 3033; x_wconf 82' lang='lat' dir='ltr'><strong>imperinm</strong></span> <span class='ocrx_word' id='word_1_282' title='bbox 1199 2978 1226 3019; x_wconf 86' lang='lat' dir='ltr'><strong>et</strong></span> <span class='ocrx_word' id='word_1_283' title='bbox 1239 2970 1284 3021; x_wconf 88' lang='lat' dir='ltr'><strong>tri·</strong></span> 
     </span>
     <span class='ocr_line' id='line_1_32' title="bbox 181 3039 1284 3111; baseline 0.01 -23"><span class='ocrx_word' id='word_1_284' title='bbox 181 3054 231 3089; x_wconf 91' lang='lat' dir='ltr'><strong>uon</strong></span> <span class='ocrx_word' id='word_1_285' title='bbox 243 3039 346 3105; x_wconf 83' lang='lat' dir='ltr'><strong>potuit:</strong></span> <span class='ocrx_word' id='word_1_286' title='bbox 365 3040 485 3103; x_wconf 88' lang='lat' dir='ltr'><strong>quoniam</strong></span> <span class='ocrx_word' id='word_1_287' title='bbox 497 3040 550 3091; x_wconf 89' lang='lat' dir='ltr'><strong>illic</strong></span> <span class='ocrx_word' id='word_1_288' title='bbox 562 3049 633 3090; x_wconf 86' lang='lat' dir='ltr'><strong>certe</strong></span> <span class='ocrx_word' id='word_1_289' title='bbox 646 3043 713 3107; x_wconf 81' lang='lat' dir='ltr'><strong>peri·</strong></span> <span class='ocrx_word' id='word_1_290' title='bbox 751 3044 838 3107; x_wconf 85' lang='lat' dir='ltr'><strong>nmphi</strong></span> <span class='ocrx_word' id='word_1_291' title='bbox 850 3044 960 3109; x_wconf 73' lang='lat' dir='ltr'><strong>iusignia</strong></span> <span class='ocrx_word' id='word_1_292' title='bbox 971 3052 1148 3111; x_wconf 83' lang='lat' dir='ltr'><strong>consecutum,</strong></span> <span class='ocrx_word' id='word_1_293' title='bbox 1159 3061 1235 3111; x_wconf 87' lang='lat' dir='ltr'><strong>qnam</strong></span> <span class='ocrx_word' id='word_1_294' title='bbox 1247 3046 1284 3099; x_wconf 75' lang='lat' dir='ltr'><strong>A·</strong></span> 
     </span>
     <span class='ocr_line' id='line_1_33' title="bbox 181 3114 1002 3170; baseline 0.006 -5"><span class='ocrx_word' id='word_1_295' title='bbox 181 3116 265 3165; x_wconf 85' lang='lat' dir='ltr'><strong>culum</strong></span> <span class='ocrx_word' id='word_1_296' title='bbox 274 3115 370 3165; x_wconf 89' lang='lat' dir='ltr'><strong>nnllurn</strong></span> <span class='ocrx_word' id='word_1_297' title='bbox 381 3114 414 3165; x_wconf 91' lang='lat' dir='ltr'><strong>ab</strong></span> <span class='ocrx_word' id='word_1_298' title='bbox 426 3122 501 3166; x_wconf 77' lang='lat' dir='ltr'><strong>estu.</strong></span> <span class='ocrx_word' id='word_1_299' title='bbox 749 3116 840 3169; x_wconf 74' lang='lat' dir='ltr'><strong>tricem</strong></span> <span class='ocrx_word' id='word_1_300' title='bbox 853 3120 1002 3170; x_wconf 86' lang='lat' dir='ltr'><strong>obtinuerit.</strong></span> 
     </span>
     <span class='ocr_line' id='line_1_34' title="bbox 212 3190 1285 3261; baseline 0.007 -22"><span class='ocrx_word' id='word_1_301' title='bbox 212 3190 375 3254; x_wconf 73' lang='lat' dir='ltr'><strong>venranico,</strong></span> <span class='ocrx_word' id='word_1_302' title='bbox 386 3192 427 3241; x_wconf 89' lang='lat' dir='ltr'><strong>cui</strong></span> <span class='ocrx_word' id='word_1_303' title='bbox 439 3192 488 3255; x_wconf 73' lang='lat' dir='ltr'><strong>legi</strong></span> <span class='ocrx_word' id='word_1_304' title='bbox 502 3193 599 3257; x_wconf 84' lang='lat' dir='ltr'><strong>placet,</strong></span> <span class='ocrx_word' id='word_1_305' title='bbox 610 3194 713 3245; x_wconf 73' lang='grc' dir='ltr'><strong>νιίιιιιιι-</strong></span> <span class='ocrx_word' id='word_1_306' title='bbox 784 3197 846 3247; x_wconf 84' lang='lat' dir='ltr'><strong>Nou</strong></span> <span class='ocrx_word' id='word_1_307' title='bbox 865 3197 944 3261; x_wconf 75' lang='lat' dir='ltr'><strong>igitur</strong></span> <span class='ocrx_word' id='word_1_308' title='bbox 958 3195 1057 3247; x_wconf 72' lang='lat' dir='ltr'><strong>Africae</strong></span> <span class='ocrx_word' id='word_1_309' title='bbox 1076 3211 1139 3261; x_wconf 67' lang='lat' dir='ltr'><strong>ager</strong></span> <span class='ocrx_word' id='word_1_310' title='bbox 1154 3197 1218 3248; x_wconf 87' lang='lat' dir='ltr'><strong>iste:</strong></span> <span class='ocrx_word' id='word_1_311' title='bbox 1237 3196 1285 3247; x_wconf 86' lang='lat' dir='ltr'><strong>sed</strong></span> 
     </span>
     <span class='ocr_line' id='line_1_35' title="bbox 181 3265 1284 3337; baseline 0.008 -23"><span class='ocrx_word' id='word_1_312' title='bbox 181 3271 231 3327; x_wconf 81' lang='lat' dir='ltr'><strong>ter,</strong></span> <span class='ocrx_word' id='word_1_313' title='bbox 248 3267 309 3329; x_wconf 91' lang='lat' dir='ltr'><strong>(hoc</strong></span> <span class='ocrx_word' id='word_1_314' title='bbox 327 3265 562 3327; x_wconf 63' lang='lat' dir='ltr'><strong>sensumsensurn</strong></span> <span class='ocrx_word' id='word_1_315' title='bbox 580 3284 637 3319; x_wconf 84' lang='lat' dir='ltr'><strong>eam</strong></span> <span class='ocrx_word' id='word_1_316' title='bbox 656 3286 713 3335; x_wconf 87' lang='lat' dir='ltr'><strong>per·</strong></span> <span class='ocrx_word' id='word_1_317' title='bbox 752 3267 784 3319; x_wconf 87' lang='lat' dir='ltr'><strong>de</strong></span> <span class='ocrx_word' id='word_1_318' title='bbox 805 3270 952 3321; x_wconf 76' lang='lat' dir='ltr'><strong>Germaniae</strong></span> <span class='ocrx_word' id='word_1_319' title='bbox 972 3272 1058 3337; x_wconf 86' lang='lat' dir='ltr'><strong>aliquo</strong></span> <span class='ocrx_word' id='word_1_320' title='bbox 1075 3273 1132 3323; x_wconf 87' lang='lat' dir='ltr'><strong>loco</strong></span> <span class='ocrx_word' id='word_1_321' title='bbox 1149 3281 1284 3323; x_wconf 76' lang='lat' dir='ltr'><strong>assutorem</strong></span> 
     </span>
     <span class='ocr_line' id='line_1_36' title="bbox 182 3340 1284 3413; baseline 0.009 -25"><span class='ocrx_word' id='word_1_322' title='bbox 182 3340 295 3404; x_wconf 79' lang='lat' dir='ltr'><strong>duxerit,</strong></span> <span class='ocrx_word' id='word_1_323' title='bbox 317 3356 368 3405; x_wconf 84' lang='lat' dir='ltr'><strong>qun</strong></span> <span class='ocrx_word' id='word_1_324' title='bbox 390 3345 527 3392; x_wconf 86' lang='lat' dir='ltr'><strong>commeari</strong></span> <span class='ocrx_word' id='word_1_325' title='bbox 550 3360 565 3393; x_wconf 85' lang='lat' dir='ltr'><strong>a</strong></span> <span class='ocrx_word' id='word_1_326' title='bbox 584 3346 660 3395; x_wconf 86' lang='lat' dir='ltr'><strong>Mosa</strong></span> <span class='ocrx_word' id='word_1_327' title='bbox 680 3348 712 3397; x_wconf 88' lang='lat' dir='ltr'><strong>ad</strong></span> <span class='ocrx_word' id='word_1_328' title='bbox 751 3345 821 3411; x_wconf 87' lang='lat' dir='ltr'><strong>loqui</strong></span> <span class='ocrx_word' id='word_1_329' title='bbox 834 3355 908 3409; x_wconf 82' lang='lat' dir='ltr'><strong>patet</strong></span> <span class='ocrx_word' id='word_1_330' title='bbox 919 3360 953 3396; x_wconf 84' lang='lat' dir='ltr'><strong>ex</strong></span> <span class='ocrx_word' id='word_1_331' title='bbox 970 3361 1012 3407; x_wconf 91' lang='lat' dir='ltr'><strong>eo,</strong></span> <span class='ocrx_word' id='word_1_332' title='bbox 1028 3347 1096 3411; x_wconf 87' lang='lat' dir='ltr'><strong>quod</strong></span> <span class='ocrx_word' id='word_1_333' title='bbox 1111 3348 1195 3398; x_wconf 89' lang='lat' dir='ltr'><strong>Curtii</strong></span> <span class='ocrx_word' id='word_1_334' title='bbox 1206 3348 1284 3413; x_wconf 79' lang='lat' dir='ltr'><strong>iusig-</strong></span> 
     </span>
     <span class='ocr_line' id='line_1_37' title="bbox 173 3418 1286 3489; baseline 0.007 -22"><span class='ocrx_word' id='word_1_335' title='bbox 173 3418 298 3467; x_wconf 86' lang='lat' dir='ltr'><strong>·Rhenum</strong></span> <span class='ocrx_word' id='word_1_336' title='bbox 317 3424 458 3481; x_wconf 63' lang='lat' dir='ltr'><strong>possetne</strong></span> <span class='ocrx_word' id='word_1_337' title='bbox 481 3419 579 3469; x_wconf 86' lang='lat' dir='ltr'><strong>Oceani</strong></span> <span class='ocrx_word' id='word_1_338' title='bbox 597 3424 714 3485; x_wconf 83' lang='lat' dir='ltr'><strong>pericula</strong></span> <span class='ocrx_word' id='word_1_339' title='bbox 751 3422 794 3470; x_wconf 90' lang='lat' dir='ltr'><strong>nia</strong></span> <span class='ocrx_word' id='word_1_340' title='bbox 822 3422 945 3485; x_wconf 83' lang='lat' dir='ltr'><strong>triumphi</strong></span> <span class='ocrx_word' id='word_1_341' title='bbox 972 3422 1123 3474; x_wconf 88' lang='lat' dir='ltr'><strong>Corbulonis</strong></span> <span class='ocrx_word' id='word_1_342' title='bbox 1145 3425 1286 3489; x_wconf 78' lang='lat' dir='ltr'><strong>insignibus</strong></span> 
     </span>
     <span class='ocr_line' id='line_1_38' title="bbox 181 3495 1290 3562; baseline 0.008 -22"><span class='ocrx_word' id='word_1_343' title='bbox 181 3507 316 3543; x_wconf 73' lang='lat' dir='ltr'><strong>trecensum</strong></span> <span class='ocrx_word' id='word_1_344' title='bbox 336 3503 406 3545; x_wconf 88' lang='lat' dir='ltr'><strong>esset</strong></span> <span class='ocrx_word' id='word_1_345' title='bbox 425 3496 533 3559; x_wconf 89' lang='lat' dir='ltr'><strong>subire),</strong></span> <span class='ocrx_word' id='word_1_346' title='bbox 549 3512 599 3545; x_wconf 89' lang='lat' dir='ltr'><strong>nou</strong></span> <span class='ocrx_word' id='word_1_347' title='bbox 620 3501 714 3561; x_wconf 86' lang='lat' dir='ltr'><strong>placet.</strong></span> <span class='ocrx_word' id='word_1_348' title='bbox 752 3496 876 3547; x_wconf 88' lang='lat' dir='ltr'><strong>contiuno</strong></span> <span class='ocrx_word' id='word_1_349' title='bbox 887 3498 1003 3562; x_wconf 89' lang='lat' dir='ltr'><strong>subjicit.</strong></span> <span class='ocrx_word' id='word_1_350' title='bbox 1287 3495 1290 3502; x_wconf 88' lang='lat'>&#39;</span> 
     </span>
     <span class='ocr_line' id='line_1_39' title="bbox 180 3566 1285 3641; baseline 0.007 -24"><span class='ocrx_word' id='word_1_351' title='bbox 180 3566 267 3617; x_wconf 87' lang='lat' dir='ltr'><strong>Multo</strong></span> <span class='ocrx_word' id='word_1_352' title='bbox 277 3570 359 3619; x_wconf 89' lang='lat' dir='ltr'><strong>minus</strong></span> <span class='ocrx_word' id='word_1_353' title='bbox 369 3571 521 3620; x_wconf 79' lang='lat' dir='ltr'><strong>Ferrettus:</strong></span> <span class='ocrx_word' id='word_1_354' title='bbox 541 3572 584 3637; x_wconf 90' lang='lat' dir='ltr'><strong>qui</strong></span> <span class='ocrx_word' id='word_1_355' title='bbox 600 3572 715 3639; x_wconf 67' lang='grc' dir='ltr'><strong>μετέωροι</strong></span> <span class='ocrx_word' id='word_1_356' title='bbox 785 3575 843 3623; x_wconf 86' lang='lat' dir='ltr'><strong>Nec</strong></span> <span class='ocrx_word' id='word_1_357' title='bbox 856 3582 943 3624; x_wconf 88' lang='lat' dir='ltr'><strong>tamen</strong></span> <span class='ocrx_word' id='word_1_358' title='bbox 964 3576 1110 3639; x_wconf 81' lang='lat' dir='ltr'><strong>singulatim</strong></span> <span class='ocrx_word' id='word_1_359' title='bbox 1126 3584 1223 3637; x_wconf 88' lang='lat' dir='ltr'><strong>mouet,</strong></span> <span class='ocrx_word' id='word_1_360' title='bbox 1235 3592 1285 3641; x_wconf 89' lang='lat' dir='ltr'><strong>qua</strong></span> 
     </span>
     <span class='ocr_line' id='line_1_40' title="bbox 182 3644 1284 3716; baseline 0.01 -24"><span class='ocrx_word' id='word_1_361' title='bbox 182 3650 254 3693; x_wconf 84' lang='lat' dir='ltr'><strong>certe</strong></span> <span class='ocrx_word' id='word_1_362' title='bbox 275 3644 332 3708; x_wconf 81' lang='lat' dir='ltr'><strong>suit,</strong></span> <span class='ocrx_word' id='word_1_363' title='bbox 343 3660 400 3695; x_wconf 85' lang='lat' dir='ltr'><strong>oum</strong></span> <span class='ocrx_word' id='word_1_364' title='bbox 414 3646 513 3697; x_wconf 85' lang='lat' dir='ltr'><strong>Mosam</strong></span> <span class='ocrx_word' id='word_1_365' title='bbox 526 3647 567 3698; x_wconf 88' lang='lat' dir='ltr'><strong>bic</strong></span> <span class='ocrx_word' id='word_1_366' title='bbox 580 3664 638 3699; x_wconf 89' lang='lat' dir='ltr'><strong>curn</strong></span> <span class='ocrx_word' id='word_1_367' title='bbox 656 3652 713 3700; x_wconf 88' lang='lat' dir='ltr'><strong>Mo-</strong></span> <span class='ocrx_word' id='word_1_368' title='bbox 751 3650 777 3699; x_wconf 94' lang='lat' dir='ltr'><strong>in</strong></span> <span class='ocrx_word' id='word_1_369' title='bbox 797 3652 929 3716; x_wconf 81' lang='lat' dir='ltr'><strong>prouincia</strong></span> <span class='ocrx_word' id='word_1_370' title='bbox 941 3668 1002 3716; x_wconf 74' lang='lat' dir='ltr'><strong>ager</strong></span> <span class='ocrx_word' id='word_1_371' title='bbox 1013 3655 1062 3703; x_wconf 84' lang='lat' dir='ltr'><strong>iste</strong></span> <span class='ocrx_word' id='word_1_372' title='bbox 1075 3652 1168 3703; x_wconf 81' lang='lat' dir='ltr'><strong>suerit:</strong></span> <span class='ocrx_word' id='word_1_373' title='bbox 1184 3653 1284 3703; x_wconf 83' lang='lat' dir='ltr'><strong>scilicet</strong></span> 
     </span>
     <span class='ocr_line' id='line_1_41' title="bbox 181 3720 1284 3791; baseline 0.009 -24"><span class='ocrx_word' id='word_1_374' title='bbox 181 3720 246 3769; x_wconf 86' lang='lat' dir='ltr'><strong>sella</strong></span> <span class='ocrx_word' id='word_1_375' title='bbox 256 3720 421 3784; x_wconf 56' lang='lat' dir='ltr'><strong>confodiunt</strong></span> <span class='ocrx_word' id='word_1_376' title='bbox 438 3737 469 3772; x_wconf 87' lang='lat' dir='ltr'><strong>ea</strong></span> <span class='ocrx_word' id='word_1_377' title='bbox 485 3724 591 3788; x_wconf 84' lang='lat' dir='ltr'><strong>scripsit</strong></span> <span class='ocrx_word' id='word_1_378' title='bbox 602 3742 660 3790; x_wconf 81' lang='lat' dir='ltr'><strong>quae</strong></span> <span class='ocrx_word' id='word_1_379' title='bbox 681 3727 713 3776; x_wconf 91' lang='lat' dir='ltr'><strong>ri·</strong></span> <span class='ocrx_word' id='word_1_380' title='bbox 752 3726 813 3791; x_wconf 86' lang='lat' dir='ltr'><strong>quia</strong></span> <span class='ocrx_word' id='word_1_381' title='bbox 834 3728 943 3778; x_wconf 85' lang='lat' dir='ltr'><strong>eandem</strong></span> <span class='ocrx_word' id='word_1_382' title='bbox 966 3728 1159 3778; x_wconf 82' lang='lat' dir='ltr'><strong>Germaniarum</strong></span> <span class='ocrx_word' id='word_1_383' title='bbox 1182 3727 1284 3791; x_wconf 82' lang='lat' dir='ltr'><strong>provin·</strong></span> 
     </span>
     <span class='ocr_line' id='line_1_42' title="bbox 181 3794 1284 3867; baseline 0.008 -23"><span class='ocrx_word' id='word_1_384' title='bbox 181 3794 427 3849; x_wconf 83' lang='lat' dir='ltr'><strong>deantBatavorum</strong></span> <span class='ocrx_word' id='word_1_385' title='bbox 440 3801 522 3864; x_wconf 76' lang='lat' dir='ltr'><strong>prieti.</strong></span> <span class='ocrx_word' id='word_1_386' title='bbox 544 3802 647 3867; x_wconf 82' lang='lat' dir='ltr'><strong>Lipsiae.</strong></span> <span class='ocrx_word' id='word_1_387' title='bbox 751 3802 818 3851; x_wconf 85' lang='lat' dir='ltr'><strong>ciam</strong></span> <span class='ocrx_word' id='word_1_388' title='bbox 839 3802 1009 3865; x_wconf 79' lang='lat' dir='ltr'><strong>intelligebat,</strong></span> <span class='ocrx_word' id='word_1_389' title='bbox 1028 3817 1105 3867; x_wconf 89' lang='lat' dir='ltr'><strong>quam</strong></span> <span class='ocrx_word' id='word_1_390' title='bbox 1126 3802 1203 3867; x_wconf 79' lang='lat' dir='ltr'><strong>paulo</strong></span> <span class='ocrx_word' id='word_1_391' title='bbox 1223 3809 1284 3853; x_wconf 82' lang='lat' dir='ltr'><strong>ante</strong></span> 
     </span>
     <span class='ocr_line' id='line_1_43' title="bbox 216 3872 1284 3943; baseline 0.007 -22"><span class='ocrx_word' id='word_1_392' title='bbox 216 3872 249 3921; x_wconf 87' lang='lat' dir='ltr'><strong>Ut</strong></span> <span class='ocrx_word' id='word_1_393' title='bbox 260 3872 361 3939; x_wconf 68' lang='grc' dir='ltr'><strong>ιἰιπιιι]</strong></span> <span class='ocrx_word' id='word_1_394' title='bbox 380 3876 417 3925; x_wconf 91' lang='lat' dir='ltr'><strong>Ut</strong></span> <span class='ocrx_word' id='word_1_395' title='bbox 435 3876 615 3929; x_wconf 87' lang='lat' dir='ltr'><strong>inundationes</strong></span> <span class='ocrx_word' id='word_1_396' title='bbox 635 3879 712 3929; x_wconf 88' lang='lat' dir='ltr'><strong>maris</strong></span> <span class='ocrx_word' id='word_1_397' title='bbox 751 3878 865 3929; x_wconf 75' lang='lat' dir='ltr'><strong>Corbulo</strong></span> <span class='ocrx_word' id='word_1_398' title='bbox 881 3880 1041 3943; x_wconf 86' lang='lat' dir='ltr'><strong>obtinuerat,</strong></span> <span class='ocrx_word' id='word_1_399' title='bbox 1051 3879 1124 3943; x_wconf 86' lang='lat' dir='ltr'><strong>cnjus</strong></span> <span class='ocrx_word' id='word_1_400' title='bbox 1136 3894 1205 3943; x_wconf 85' lang='lat' dir='ltr'><strong>pars,</strong></span> <span class='ocrx_word' id='word_1_401' title='bbox 1217 3878 1284 3929; x_wconf 82' lang='lat' dir='ltr'><strong>Mut-</strong></span> 
     </span>
     <span class='ocr_line' id='line_1_44' title="bbox 180 3944 1284 4020; baseline 0.008 -25"><span class='ocrx_word' id='word_1_402' title='bbox 180 3954 341 4012; x_wconf 86' lang='lat' dir='ltr'><strong>arcerentnr,</strong></span> <span class='ocrx_word' id='word_1_403' title='bbox 352 3957 378 3999; x_wconf 89' lang='lat' dir='ltr'><strong>et</strong></span> <span class='ocrx_word' id='word_1_404' title='bbox 393 3950 486 4001; x_wconf 86' lang='lat' dir='ltr'><strong>damna</strong></span> <span class='ocrx_word' id='word_1_405' title='bbox 503 3968 560 4017; x_wconf 77' lang='lat' dir='ltr'><strong>qna</strong></span> <span class='ocrx_word' id='word_1_406' title='bbox 578 3944 713 4019; x_wconf 74' lang='lat' dir='ltr'><strong>continge·</strong></span> <span class='ocrx_word' id='word_1_407' title='bbox 750 3955 817 4015; x_wconf 82' lang='lat' dir='ltr'><strong>tioci,</strong></span> <span class='ocrx_word' id='word_1_408' title='bbox 829 3957 981 4006; x_wconf 88' lang='lat' dir='ltr'><strong>Chattorum</strong></span> <span class='ocrx_word' id='word_1_409' title='bbox 1001 3971 1071 4020; x_wconf 83' lang='lat' dir='ltr'><strong>pars,</strong></span> <span class='ocrx_word' id='word_1_410' title='bbox 1082 3954 1230 4005; x_wconf 83' lang='lat' dir='ltr'><strong>Weteravir</strong></span> <span class='ocrx_word' id='word_1_411' title='bbox 1245 3964 1284 4007; x_wconf 89' lang='lat' dir='ltr'><strong>to-</strong></span> 
     </span>
     <span class='ocr_line' id='line_1_45' title="bbox 181 4020 1283 4102; baseline 0.014 -31"><span class='ocrx_word' id='word_1_412' title='bbox 181 4020 244 4072; x_wconf 80' lang='lat' dir='ltr'><strong>baut</strong></span> <span class='ocrx_word' id='word_1_413' title='bbox 274 4025 372 4089; x_wconf 78' lang='lat' dir='ltr'><strong>regioni</strong></span> <span class='ocrx_word' id='word_1_414' title='bbox 395 4039 425 4076; x_wconf 86' lang='lat' dir='ltr'><strong>ac</strong></span> <span class='ocrx_word' id='word_1_415' title='bbox 450 4028 526 4077; x_wconf 84' lang='lat' dir='ltr'><strong>terris</strong></span> <span class='ocrx_word' id='word_1_416' title='bbox 546 4030 713 4093; x_wconf 88' lang='lat' dir='ltr'><strong>probiberen-</strong></span> <span class='ocrx_word' id='word_1_417' title='bbox 751 4040 788 4095; x_wconf 89' lang='lat' dir='ltr'><strong>ta,</strong></span> <span class='ocrx_word' id='word_1_418' title='bbox 800 4049 858 4083; x_wconf 84' lang='lat' dir='ltr'><strong>cunr</strong></span> <span class='ocrx_word' id='word_1_419' title='bbox 870 4035 1035 4099; x_wconf 85' lang='lat' dir='ltr'><strong>portiuncula</strong></span> <span class='ocrx_word' id='word_1_420' title='bbox 1046 4032 1157 4093; x_wconf 77' lang='lat' dir='ltr'><strong>limiae,</strong></span> <span class='ocrx_word' id='word_1_421' title='bbox 1168 4048 1221 4099; x_wconf 85' lang='lat' dir='ltr'><strong>qna</strong></span> <span class='ocrx_word' id='word_1_422' title='bbox 1237 4051 1283 4102; x_wconf 84' lang='lat' dir='ltr'><strong>op-</strong></span> 
     </span>
     <span class='ocr_line' id='line_1_46' title="bbox 181 4103 1284 4175; baseline 0.016 -30"><span class='ocrx_word' id='word_1_423' title='bbox 181 4103 233 4146; x_wconf 90' lang='lat' dir='ltr'><strong>tur.</strong></span> <span class='ocrx_word' id='word_1_424' title='bbox 751 4110 840 4173; x_wconf 84' lang='lat' dir='ltr'><strong>pidum</strong></span> <span class='ocrx_word' id='word_1_425' title='bbox 860 4112 1041 4175; x_wconf 68' lang='lat' dir='ltr'><strong>Marpurgum,</strong></span> <span class='ocrx_word' id='word_1_426' title='bbox 1058 4111 1120 4161; x_wconf 84' lang='lat' dir='ltr'><strong>socii</strong></span> <span class='ocrx_word' id='word_1_427' title='bbox 1132 4111 1198 4175; x_wconf 83' lang='lat' dir='ltr'><strong>Pop.</strong></span> <span class='ocrx_word' id='word_1_428' title='bbox 1210 4114 1284 4163; x_wconf 77' lang='lat' dir='ltr'><strong>Rom</strong></span> 
     </span>
     <span class='ocr_line' id='line_1_47' title="bbox 211 4174 1285 4258; baseline 0.015 -33"><span class='ocrx_word' id='word_1_429' title='bbox 211 4174 319 4239; x_wconf 79' lang='lat' dir='ltr'><strong>lacerto]</strong></span> <span class='ocrx_word' id='word_1_430' title='bbox 329 4178 387 4231; x_wconf 79' lang='lat' dir='ltr'><strong>Qua</strong></span> <span class='ocrx_word' id='word_1_431' title='bbox 399 4177 470 4231; x_wconf 80' lang='lat' dir='ltr'><strong>fossa</strong></span> <span class='ocrx_word' id='word_1_432' title='bbox 480 4181 656 4235; x_wconf 85' lang='lat' dir='ltr'><strong>retinerentur</strong></span> <span class='ocrx_word' id='word_1_433' title='bbox 664 4197 710 4235; x_wconf 80' lang='lat' dir='ltr'><strong>ses·</strong></span> <span class='ocrx_word' id='word_1_434' title='bbox 752 4186 853 4237; x_wconf 79' lang='lat' dir='ltr'><strong>literas</strong></span> <span class='ocrx_word' id='word_1_435' title='bbox 861 4187 1102 4239; x_wconf 86' lang='lat' dir='ltr'><strong>curtiumoeoultas</strong></span> <span class='ocrx_word' id='word_1_436' title='bbox 1110 4190 1285 4258; x_wconf 79' lang='lat' dir='ltr'><strong>composuisse</strong></span> 
     </span>
    </p>
   </div>
   <div class='ocr_carea' id='block_1_8' title="bbox 0 0 1584 4917">
    <p class='ocr_par' dir='ltr' id='par_1_8' title="bbox 0 0 1584 4917">
     <span class='ocr_line' id='line_1_48' title="bbox 0 0 1584 4917; baseline 0 0"><span class='ocrx_word' id='word_1_437' title='bbox 0 0 1584 4917; x_wconf 95' lang='lat' dir='ltr'><strong> </strong></span> 
     </span>
    </p>
   </div>
   <div class='ocr_carea' id='block_1_9' title="bbox 1579 3181 1581 4464">
    <p class='ocr_par' dir='ltr' id='par_1_9' title="bbox 1579 3181 1581 4464">
     <span class='ocr_line' id='line_1_49' title="bbox 1579 3181 1581 4464; baseline 0 0"><span class='ocrx_word' id='word_1_438' title='bbox 1579 3181 1581 4464; x_wconf 95' lang='lat' dir='ltr'><strong> </strong></span> 
     </span>
    </p>
   </div>
  </div>
 </body>
</html>
