3159 4917
171 420 321 488 nam·
527 410 738 465 tudanum
755 417 843 467 ’mm
867 414 918 467 vi.
1206 404 1274 477 925

173 564 375 641 Romanum,
389 558 540 646 [darique
552 561 779 627 meminerant.
823 560 981 629 Extrem
995 562 1072 632 anni
1087 584 1177 631 mors
1189 562 1274 637 AElii

175 664 453 732 Isamiaa¹tuuere
475 662 626 727 censorio
647 664 826 744 celebrata,
843 667 912 749 qui,
925 667 1194 734 administrandae
1210 670 1274 755 Sy·

173 767 415 853 rimimagine·
427 763 560 829 taudem
573 766 760 843 exsolutus,
774 768 849 832 urbi
871 768 1060 851 praefuerat.
1096 769 1210 835 Genus
1224 772 1274 837 illi

173 868 350 947 decorum
372 866 670 946 riridaseuectus3
692 872 806 932 etnon
828 870 990 952 permissa
1014 872 1189 956 propincia
1204 872 1275 955 dig·

173 971 337 1035 nationem
359 966 543 1033 addiderat.
587 967 688 1046 Exin,
705 967 832 1035 Flacco
845 970 1053 1055 Pomponiob
1067 974 1175 1056 Syriae
1192 974 1275 1041 Pro·

172 1074 315 1155 praetore
327 1070 510 1146 defuncto,e
519 1070 696 1135 recitantur
706 1069 854 1136 Caesaris
867 1074 983 1152 literae,
996 1075 1074 1157 quis
1084 1068 1273 1154 incusabat,
1345 1114 1350 1119 -

174 1173 366 1255 ‘egregium
387 1191 564 1256 quemque,
584 1177 619 1237 et
639 1174 789 1255 regendis
812 1174 1013 1240 exercitibus
1035 1174 1200 1253 idoneum,
1216 1178 1275 1241 ab·

173 1293 272 1339 nuere
286 1274 322 1337 id
336 1294 477 1339 munus:
499 1294 603 1359 aeque
614 1295 655 1340 ea
664 1277 910 1341 necessitudine
928 1277 971 1341 ad
986 1296 1101 1361 preces
1116 1278 1201 1359 cogi,
1215 1296 1275 1361 per

173 1394 258 1459 quas
274 1374 503 1441 Consularium
517 1377 621 1461 aliqui
636 1398 812 1461 capessere
826 1378 1018 1464 provincias
1036 1378 1244 1459 adigerentur
1255 1374 1275 1445 ι’

144 1502 149 1511 ’
175 1476 300 1571 oblitus
313 1470 516 1559 Amantium,
532 1499 575 1542 ne
589 1480 624 1543 in
640 1479 843 1562 Hispaniam
857 1484 1013 1562 pergeret,
1027 1478 1193 1543 decimum
1202 1481 1275 1563 jam

176 1595 295 1642 annum
311 1576 470 1644 attineri!¹
514 1578 610 1644 Obiit
628 1580 744 1643 eodem
763 1600 848 1644 anno
872 1586 905 1645 et
919 1580 968 1649 Μ,
981 1578 1142 1663 Lepidus,
1159 1580 1201 1661 de
1214 1598 1275 1647 ‘cu-

172 1754 220 1801 ιν.
255 1748 307 1801 Set
318 1749 408 1801 exitusr
418 1750 475 1801 esai
486 1766 548 1800 mors
558 1750 727 1814 AEliilamioe,
738 1750 844 1816 αιᾳιιέἰι
853 1750 1122 1818 cessoriirsreqrreatutu
1133 1758 1168 1803 est
1174 1770 1183 1811 ,·
1199 1748 1221 1803 is
1239 1768 1274 1803 rr·

172 1816 258 1875 gesta
269 1815 349 1878 Syria
357 1816 482 1865 sinam
492 1818 586 1865 tandem
592 1824 708 1877 meatu,
719 1818 779 1867 Urbi
787 1818 1009 1881 proeseetmsrserut.
1038 1818 1120 1895 Stirps
1130 1823 1201 1881 utque
1208 1818 1276 1879 erige

174 1879 214 1928 illi
224 1880 329 1941 metu,
336 1880 420 1941 uigens
429 1884 551 1938 metas,
562 1886 585 1929 et
595 1897 641 1930 sos
657 1896 763 1931 eonem
771 1883 903 1945 marcio,
914 1898 998 1931 seeum
1009 1884 1079 1932 decess
1090 1884 1139 1945 rpsi
1150 1882 1278 1943 adtremat.

174 1943 240 1994 Deis
252 1944 338 1993 Flacco
350 1944 477 2007 Pomponio
484 1950 629 2008 propraetore
639 1946 720 2010 Syria
731 1947 940 2008 extinctalegitur
947 1946 1044 2008 epistola
1053 1946 1178 2009 principie,
1186 1962 1232 2009 que
1239 1962 1277 1995 sr-

173 2006 261 2069 guen
269 2007 395 2071 optimum
405 2014 576 2071 quemque,et
586 2010 706 2071 regendis
716 2009 862 2072 legionibus
873 2024 972 2072 parem,
982 2011 1008 2057 id
1020 2010 1132 2059 munieris
1144 2024 1276 2060 recusare:

176 2078 205 2120 et
215 2086 243 2120 re
252 2086 283 2120 ea
293 2074 450 2121 necessitate
459 2073 492 2121 ad
505 2086 595 2135 precer
607 2072 687 2135 adigi,
698 2088 746 2149 per
757 2088 820 2138 quas
831 2073 945 2123 nonnulli
957 2074 1130 2123 consularium
1145 2074 1278 2139 suscipere

174 2135 323 2199 provincias
329 2136 548 2198 compellerentur
557 2154 564 2186 r
580 2136 643 2187 baud
656 2141 716 2186 setes
723 2137 1027 2203 dominaremini
1034 2153 1049 2187 u
1056 2139 1134 2187 decem
1140 2138 1208 2189 ansb
1215 2153 1278 2202 pra·

173 2199 262 2266 pediri,
272 2214 302 2250 se
311 2200 339 2251 is
348 2200 493 2265 Hispaniam
504 2202 701 2267 Μάκυναν.
728 2202 819 2251 Eodem
834 2216 894 2253 aare
909 2202 1008 2251 decessit
1019 2202 1118 2259 Μιιιίιιι
1127 2202 1241 2269 lapidas,
1249 2204 1278 2253 ds

256 2355 261 2363 ·
671 2328 781 2383 NOTAE

208 2425 305 2475 'Mors
320 2424 381 2476 AElii
396 2426 499 2491 laste]
526 2426 595 2478 Dic:
612 2424 708 2475 ‘Piso-
748 2420 826 2481 tulit?

176 2515 236 2552 uem
256 2496 411 2566 praefectum
427 2502 498 2551 urbis
518 2508 649 2551 mortuum
669 2516 708 2551 ee·
780 2494 939 2569 enormi]
967 2504 1027 2557 Non
1061 2504 1205 2569 provincie,
1232 2504 1278 2557 serl

177 2576 283 2644 pultare
305 2578 409 2641 publica
424 2576 562 2627 bonoravit
578 2576 709 2641 Tiberius,
748 2584 820 2644 vitu
845 2582 986 2647 praefectos
1012 2582 1202 2647 provinciarum
1228 2568 1279 2633 nou

178 2660 207 2704 et
220 2654 329 2704 Lucium
341 2655 456 2703 Lamiam
467 2668 520 2718 ¹pro
534 2654 591 2719 ipso
602 2654 709 2718 delegit,
747 2658 860 2709 mutavit
870 2648 926 2708 ¹iere
935 2658 1063 2720 Tiberius,
1074 2657 1123 2707 niel
1134 2662 1228 2707 morte.

178 2728 337 2798 quem'olirn
351 2730 432 2794 Syria
452 2728 602 2794 impositum
617 2730 708 2778 Romae
780 2732 792 2767 d
809 2734 928 2797 Attium]
945 2734 1005 2783 Huc
1017 2733 1131 2797 respexit
1141 2731 1280 2800 Suetonius

179 2811 266 2857 temen
275 2804 402 2856 retinuit!
747 2810 805 2860 lib.
816 2814 857 2859 tr.
874 2810 1037 2873 ‘Regressus
1055 2808 1081 2856 iu
1099 2808 1207 2859 insulam
1218 2806 1280 2872 (Ca-

210 2888 225 2915 ⁸
240 2882 322 2946 Syria
331 2880 449 2944 mugire]
464 2880 492 2929 Si
507 2882 551 2945 qul
567 2880 708 2944 suspectati
749 2875 963 2950 preas)}leipub.
982 2882 1085 2948 quidem
1098 2896 1280 2948 tueamurque

177 2956 212 3009 cb
223 2957 328 3007 virtutis
347 2957 523 3006 nobilitatiare
541 2954 644 3019 famam,
658 2972 710 3009 non
750 2960 816 3011 adeo
836 2959 941 3023 abjecit,
954 2966 993 3021 nt,
1004 2962 1053 3009 tre.
1082 2956 1234 3021 Hispaniam
1252 2962 1281 3005 et

178 3033 350 3085 mittebantur
358 3033 387 3083 ln
405 3034 573 3098 provinciam,
585 3035 627 3084 cui
644 3037 714 3098 prae-'
749 3036 850 3100 Syriam
869 3049 916 3098 per
926 3034 1026 3099 aliquot
1047 3048 1127 3082 anuos
1147 3032 1202 3083 tine
1220 3046 1281 3081 ecn-

177 3108 243 3163 iectl
265 3116 348 3161 erent.
381 3109 507 3161 Attamen
529 3104 610 3159 ueluti
630 3102 709 3160 decus
749 3106 1128 3174 sularibuslegatisbabuerit!

179 3202 225 3238 seu
236 3187 348 3253 speciem
367 3187 471 3238 bonerii
488 3184 619 3237 trabebant
629 3182 711 3235 admi-
783 3188 845 3238 lluc
857 3188 936 3237 etiarn
945 3185 1081 3250 spectabat
1093 3184 1161 3235 idem
1172 3182 1281 3237 Sueten.

177 3262 456 3328 distrabautqne,licet
467 3260 711 3327 absentes,prorin·
750 3264 811 3315 Tib.
828 3268 869 3313 oa.
886 3262 992 3312 ‘Unum
1015 3269 1043 3311 et
1063 3262 1172 3313 alterruu
1191 3277 1282 3313 consu·

180 3339 248 3390 ciam
259 3354 307 3403 per
315 3355 374 3395 auos
385 3340 492 3403 legatos.
750 3342 827 3401 lares,
839 3338 933 3390 oblatis
944 3336 1092 3402 provinciis,
1102 3352 1152 3387 nou
1170 3353 1246 3389 errans
1265 3354 1282 3387 a

212 3414 300 3463 Etiam
309 3410 421 3481 mudum
433 3413 596 3477 accipiebant
612 3429 626 3465 e
642 3415 711 3479 prin·
750 3432 778 3466 se
790 3416 1018 3478 dimittere,neqne
1028 3412 1093 3461 atico
1104 3410 1225 3477 detinuit,
1236 3414 1281 3463 tlo-

170 3486 252 3553 '·cipe,
272 3487 345 3537 reiut
366 3490 437 3551 ituri,
456 3497 484 3539 et
500 3492 572 3555 qnasi
591 3491 711 3541 scirtium
751 3508 801 3543 nec
820 3505 980 3541 successores
1002 3497 1061 3553 post
1081 3490 1179 3555 aliquot
1200 3504 1281 3539 anuos

180 3564 354 3634 sos-permisso
365 3564 502 3628 prouincia.
534 3565 639 3616 Tacitus
650 3563 712 3631 ‘pao
751 3562 925 3641 prasentspus
943 3567 1099 3629 daret,curn
1115 3564 1217 3616 intcrim
1230 3580 1282 3615 ma-

181 3641 239 3703 sim,
248 3646 275 3689 et
287 3639 313 3687 in
322 3640 378 3689 rit·
388 3638 528 3703 Agricola.
752 3652 832 3693 nente
850 3640 928 3694 officii
946 3644 1031 3706 titulo,
1049 3643 1127 3693 etiam
1147 3634 1282 3705 delegaret

213 3716 226 3749 θ
242 3712 327 3767 nacco
338 3714 479 3779 Pornpcair]
494 3716 535 3765 De
550 3715 639 3765 eedem
651 3716 713 3765 Sue-
752 3721 871 3785 plurima,
878 3720 1029 3785 casulaeque
1039 3720 1074 3767 illi
1088 3734 1134 3781 per
1143 3718 1243 3787 legatos
1255 3723 1284 3767 et

184 3792 271 3845 tonina
287 3807 311 3841 c.
323 3794 364 3841 di.
377 3788 435 3840 tib.
446 3790 461 3818 '‘
473 3790 569 3839 Postea
579 3790 712 3854 princeps,
752 3796 950 3859 adjutoreesuos
959 3786 1256 3859 exequendncurerent'

176 3869 209 3920 'iu
220 3870 276 3935 ipsa
287 3868 446 3933 publicorum
463 3882 561 3917 ntorum
573 3869 712 3917 correctio·
783 3868 836 3919 Sed
852 3870 902 3919 ista
918 3864 1055 3930 disciplina
1066 3862 1176 3916 'remisse
1193 3864 1284 3939 nocuit

132 3952 135 3955 ’
182 3961 226 4008 ne,
235 3960 294 3996 cum
312 3944 457 4007 Pomponio
469 3941 564 3995 Flacco
577 3952 609 3993 et
621 3942 651 3993 L.
665 3939 713 3993 Ῥί-
752 3943 865 4007 Reipub.
875 3940 943 4007 qrrcd
955 3940 1040 3991 innuit
1052 3940 1160 3989 Sueten.
1170 3939 1231 3991 Tib.
1242 3943 1283 3991 41.

182 4036 244 4073 sone
262 4026 366 4070 noctem
385 4018 586 4085 continuumque
606 4018 712 4068 biduum
753 4014 963 4082 Reipubcuranr
983 4016 1021 4065 ita
1039 4014 1144 4079 abjecit,
1161 4016 1283 4075 ut‘Gele

182 4096 311 4160 epulando
347 4094 511 4160 potandoque
555 4093 710 4146 consumsit:
751 4090 800 4144 lias
821 4109 836 4142 a
857 4092 993 4142 Germanis
1015 4091 1112 4141 vastari
1131 4092 1285 4157 neglexerit,

184 4184 292 4235 qnorum
303 4172 379 4221 alteri
389 4163 489 4235 Syriam
501 4172 667 4234 provinciam,
677 4170 713 4219 al·
752 4183 846 4232 magno
864 4166 992 4219 dedecore
1005 4166 1120 4231 imperii²
1133 4182 1183 4223 nec
1194 4166 1285 4221 minori

185 4246 236 4297 teri
247 4245 432 4313 proiecturam
442 4244 714 4307 urbiseont‘ertimde·
754 4238 902 4298 discrimine
912 4242 927 4297 ι’
944 4243 1005 4295 dum
1021 4258 1114 4309 nempe
1129 4260 1200 4298 arms
1214 4242 1283 4310 'ipris
